%YAML 1.1
%TAG !u! tag:unity3d.com,2011:
--- !u!29 &1
OcclusionCullingSettings:
  m_ObjectHideFlags: 0
  serializedVersion: 2
  m_OcclusionBakeSettings:
    smallestOccluder: 5
    smallestHole: 0.25
    backfaceThreshold: 100
  m_SceneGUID: 00000000000000000000000000000000
  m_OcclusionCullingData: {fileID: 0}
--- !u!104 &2
RenderSettings:
  m_ObjectHideFlags: 0
  serializedVersion: 8
  m_Fog: 0
  m_FogColor: {r: 0.5, g: 0.5, b: 0.5, a: 1}
  m_FogMode: 3
  m_FogDensity: 0.01
  m_LinearFogStart: 0
  m_LinearFogEnd: 300
  m_AmbientSkyColor: {r: 0.212, g: 0.227, b: 0.259, a: 1}
  m_AmbientEquatorColor: {r: 0.114, g: 0.125, b: 0.133, a: 1}
  m_AmbientGroundColor: {r: 0.047, g: 0.043, b: 0.035, a: 1}
  m_AmbientIntensity: 1
  m_AmbientMode: 3
  m_SubtractiveShadowColor: {r: 0.42, g: 0.478, b: 0.627, a: 1}
  m_SkyboxMaterial: {fileID: 0}
  m_HaloStrength: 0.5
  m_FlareStrength: 1
  m_FlareFadeSpeed: 3
  m_HaloTexture: {fileID: 0}
  m_SpotCookie: {fileID: 10001, guid: 0000000000000000e000000000000000, type: 0}
  m_DefaultReflectionMode: 0
  m_DefaultReflectionResolution: 128
  m_ReflectionBounces: 1
  m_ReflectionIntensity: 1
  m_CustomReflection: {fileID: 0}
  m_Sun: {fileID: 0}
  m_IndirectSpecularColor: {r: 0, g: 0, b: 0, a: 1}
--- !u!157 &3
LightmapSettings:
  m_ObjectHideFlags: 0
  serializedVersion: 11
  m_GIWorkflowMode: 1
  m_GISettings:
    serializedVersion: 2
    m_BounceScale: 1
    m_IndirectOutputScale: 1
    m_AlbedoBoost: 1
    m_TemporalCoherenceThreshold: 1
    m_EnvironmentLightingMode: 0
    m_EnableBakedLightmaps: 0
    m_EnableRealtimeLightmaps: 0
  m_LightmapEditorSettings:
    serializedVersion: 9
    m_Resolution: 2
    m_BakeResolution: 40
    m_TextureWidth: 1024
    m_TextureHeight: 1024
    m_AO: 0
    m_AOMaxDistance: 1
    m_CompAOExponent: 1
    m_CompAOExponentDirect: 0
    m_Padding: 2
    m_LightmapParameters: {fileID: 0}
    m_LightmapsBakeMode: 1
    m_TextureCompression: 1
    m_FinalGather: 0
    m_FinalGatherFiltering: 1
    m_FinalGatherRayCount: 256
    m_ReflectionCompression: 2
    m_MixedBakeMode: 2
    m_BakeBackend: 0
    m_PVRSampling: 1
    m_PVRDirectSampleCount: 32
    m_PVRSampleCount: 500
    m_PVRBounces: 2
    m_PVRFilterTypeDirect: 0
    m_PVRFilterTypeIndirect: 0
    m_PVRFilterTypeAO: 0
    m_PVRFilteringMode: 1
    m_PVRCulling: 1
    m_PVRFilteringGaussRadiusDirect: 1
    m_PVRFilteringGaussRadiusIndirect: 5
    m_PVRFilteringGaussRadiusAO: 2
    m_PVRFilteringAtrousPositionSigmaDirect: 0.5
    m_PVRFilteringAtrousPositionSigmaIndirect: 2
    m_PVRFilteringAtrousPositionSigmaAO: 1
    m_ShowResolutionOverlay: 1
  m_LightingDataAsset: {fileID: 0}
  m_UseShadowmask: 1
--- !u!196 &4
NavMeshSettings:
  serializedVersion: 2
  m_ObjectHideFlags: 0
  m_BuildSettings:
    serializedVersion: 2
    agentTypeID: 0
    agentRadius: 0.5
    agentHeight: 2
    agentSlope: 45
    agentClimb: 0.4
    ledgeDropHeight: 0
    maxJumpAcrossDistance: 0
    minRegionArea: 2
    manualCellSize: 0
    cellSize: 0.16666667
    manualTileSize: 0
    tileSize: 256
    accuratePlacement: 0
    debug:
      m_Flags: 0
  m_NavMeshData: {fileID: 0}
--- !u!1 &9123401
GameObject:
  m_ObjectHideFlags: 0
  m_PrefabParentObject: {fileID: 0}
  m_PrefabInternal: {fileID: 0}
  serializedVersion: 5
  m_Component:
  - component: {fileID: 9123403}
  - component: {fileID: 9123402}
  m_Layer: 0
  m_Name: bulle
  m_TagString: Untagged
  m_Icon: {fileID: 0}
  m_NavMeshLayer: 0
  m_StaticEditorFlags: 0
  m_IsActive: 1
--- !u!212 &9123402
SpriteRenderer:
  m_ObjectHideFlags: 0
  m_PrefabParentObject: {fileID: 0}
  m_PrefabInternal: {fileID: 0}
  m_GameObject: {fileID: 9123401}
  m_Enabled: 1
  m_CastShadows: 0
  m_ReceiveShadows: 0
  m_DynamicOccludee: 1
  m_MotionVectors: 1
  m_LightProbeUsage: 1
  m_ReflectionProbeUsage: 1
  m_Materials:
  - {fileID: 10754, guid: 0000000000000000f000000000000000, type: 0}
  m_StaticBatchInfo:
    firstSubMesh: 0
    subMeshCount: 0
  m_StaticBatchRoot: {fileID: 0}
  m_ProbeAnchor: {fileID: 0}
  m_LightProbeVolumeOverride: {fileID: 0}
  m_ScaleInLightmap: 1
  m_PreserveUVs: 0
  m_IgnoreNormalsForChartDetection: 0
  m_ImportantGI: 0
  m_StitchLightmapSeams: 0
  m_SelectedEditorRenderState: 0
  m_MinimumChartSize: 4
  m_AutoUVMaxDistance: 0.5
  m_AutoUVMaxAngle: 89
  m_LightmapParameters: {fileID: 0}
  m_SortingLayerID: -126229679
  m_SortingLayer: -1
  m_SortingOrder: 3
  m_Sprite: {fileID: 21300000, guid: d842e880035ea644599fe688a926f696, type: 3}
  m_Color: {r: 1, g: 1, b: 1, a: 1}
  m_FlipX: 0
  m_FlipY: 0
  m_DrawMode: 0
  m_Size: {x: 2.56, y: 1.28}
  m_AdaptiveModeThreshold: 0.5
  m_SpriteTileMode: 0
  m_WasSpriteAssigned: 1
  m_MaskInteraction: 0
--- !u!4 &9123403
Transform:
  m_ObjectHideFlags: 0
  m_PrefabParentObject: {fileID: 0}
  m_PrefabInternal: {fileID: 0}
  m_GameObject: {fileID: 9123401}
  m_LocalRotation: {x: -0, y: -0, z: -0, w: 1}
  m_LocalPosition: {x: 5.122, y: -2.6626759, z: 5}
  m_LocalScale: {x: 4.364301, y: 2.7957377, z: 1}
  m_Children: []
  m_Father: {fileID: 468351016}
  m_RootOrder: 1
  m_LocalEulerAnglesHint: {x: 0, y: 0, z: 0}
--- !u!1001 &26198187
Prefab:
  m_ObjectHideFlags: 0
  serializedVersion: 2
  m_Modification:
    m_TransformParent: {fileID: 0}
    m_Modifications:
    - target: {fileID: 4872724086133734, guid: 0fdfa04a0893a034db7d0a1fc07e12b7, type: 2}
      propertyPath: m_LocalPosition.x
      value: -22.310001
      objectReference: {fileID: 0}
    - target: {fileID: 4872724086133734, guid: 0fdfa04a0893a034db7d0a1fc07e12b7, type: 2}
      propertyPath: m_LocalPosition.y
      value: 26.31
      objectReference: {fileID: 0}
    - target: {fileID: 4872724086133734, guid: 0fdfa04a0893a034db7d0a1fc07e12b7, type: 2}
      propertyPath: m_LocalPosition.z
      value: 0
      objectReference: {fileID: 0}
    - target: {fileID: 4872724086133734, guid: 0fdfa04a0893a034db7d0a1fc07e12b7, type: 2}
      propertyPath: m_LocalRotation.x
      value: 0
      objectReference: {fileID: 0}
    - target: {fileID: 4872724086133734, guid: 0fdfa04a0893a034db7d0a1fc07e12b7, type: 2}
      propertyPath: m_LocalRotation.y
      value: 0
      objectReference: {fileID: 0}
    - target: {fileID: 4872724086133734, guid: 0fdfa04a0893a034db7d0a1fc07e12b7, type: 2}
      propertyPath: m_LocalRotation.z
      value: 0
      objectReference: {fileID: 0}
    - target: {fileID: 4872724086133734, guid: 0fdfa04a0893a034db7d0a1fc07e12b7, type: 2}
      propertyPath: m_LocalRotation.w
      value: 1
      objectReference: {fileID: 0}
    - target: {fileID: 4872724086133734, guid: 0fdfa04a0893a034db7d0a1fc07e12b7, type: 2}
      propertyPath: m_RootOrder
      value: 5
      objectReference: {fileID: 0}
    - target: {fileID: 4872724086133734, guid: 0fdfa04a0893a034db7d0a1fc07e12b7, type: 2}
      propertyPath: m_LocalScale.x
      value: 0.04
      objectReference: {fileID: 0}
    - target: {fileID: 4872724086133734, guid: 0fdfa04a0893a034db7d0a1fc07e12b7, type: 2}
      propertyPath: m_LocalScale.y
      value: 0.04
      objectReference: {fileID: 0}
    - target: {fileID: 23096264794596102, guid: 0fdfa04a0893a034db7d0a1fc07e12b7,
        type: 2}
      propertyPath: m_SortingLayerID
      value: -126229679
      objectReference: {fileID: 0}
    - target: {fileID: 23096264794596102, guid: 0fdfa04a0893a034db7d0a1fc07e12b7,
        type: 2}
      propertyPath: m_SortingLayer
      value: -1
      objectReference: {fileID: 0}
    - target: {fileID: 23078748325884084, guid: 0fdfa04a0893a034db7d0a1fc07e12b7,
        type: 2}
      propertyPath: m_SortingLayerID
      value: -126229679
      objectReference: {fileID: 0}
    - target: {fileID: 23078748325884084, guid: 0fdfa04a0893a034db7d0a1fc07e12b7,
        type: 2}
      propertyPath: m_SortingLayer
      value: -1
      objectReference: {fileID: 0}
    - target: {fileID: 23216607946673950, guid: 0fdfa04a0893a034db7d0a1fc07e12b7,
        type: 2}
      propertyPath: m_SortingLayerID
      value: -126229679
      objectReference: {fileID: 0}
    - target: {fileID: 23216607946673950, guid: 0fdfa04a0893a034db7d0a1fc07e12b7,
        type: 2}
      propertyPath: m_SortingLayer
      value: -1
      objectReference: {fileID: 0}
    m_RemovedComponents: []
  m_ParentPrefab: {fileID: 100100000, guid: 0fdfa04a0893a034db7d0a1fc07e12b7, type: 2}
  m_IsPrefabParent: 0
--- !u!1 &104900540
GameObject:
  m_ObjectHideFlags: 0
  m_PrefabParentObject: {fileID: 0}
  m_PrefabInternal: {fileID: 0}
  serializedVersion: 5
  m_Component:
  - component: {fileID: 104900541}
  - component: {fileID: 104900544}
  - component: {fileID: 104900543}
  - component: {fileID: 104900542}
  m_Layer: 5
  m_Name: F1
  m_TagString: Untagged
  m_Icon: {fileID: 0}
  m_NavMeshLayer: 0
  m_StaticEditorFlags: 0
  m_IsActive: 1
--- !u!4 &104900541
Transform:
  m_ObjectHideFlags: 0
  m_PrefabParentObject: {fileID: 0}
  m_PrefabInternal: {fileID: 0}
  m_GameObject: {fileID: 104900540}
  m_LocalRotation: {x: -0, y: -0, z: -0, w: 1}
  m_LocalPosition: {x: -0.86487144, y: -8.11597, z: -1.9734752}
  m_LocalScale: {x: 0.2, y: 0.2, z: 1}
  m_Children: []
  m_Father: {fileID: 472865763}
  m_RootOrder: 1
  m_LocalEulerAnglesHint: {x: 0, y: 0, z: 0}
--- !u!114 &104900542
MonoBehaviour:
  m_ObjectHideFlags: 0
  m_PrefabParentObject: {fileID: 0}
  m_PrefabInternal: {fileID: 0}
  m_GameObject: {fileID: 104900540}
  m_Enabled: 1
  m_EditorHideFlags: 0
  m_Script: {fileID: 11500000, guid: eab4e1c16a6def54295f04eb2f2dfe2c, type: 3}
  m_Name: 
  m_EditorClassIdentifier: 
  maxSpeed: {x: 6, y: 6}
  folow: F0
  myPos: {x: -4.044959, y: -0.90448356, z: 9.42338}
  skins: []
  followed: {fileID: 0}
--- !u!61 &104900543
BoxCollider2D:
  m_ObjectHideFlags: 0
  m_PrefabParentObject: {fileID: 0}
  m_PrefabInternal: {fileID: 0}
  m_GameObject: {fileID: 104900540}
  m_Enabled: 1
  m_Density: 1
  m_Material: {fileID: 0}
  m_IsTrigger: 0
  m_UsedByEffector: 0
  m_UsedByComposite: 0
  m_Offset: {x: 0, y: 0}
  m_SpriteTilingProperty:
    border: {x: 0, y: 0, z: 0, w: 0}
    pivot: {x: 0.5, y: 0.5}
    oldSize: {x: 3.08, y: 3.92}
    newSize: {x: 1.28, y: 1.28}
    adaptiveTilingThreshold: 0.5
    drawMode: 0
    adaptiveTiling: 0
  m_AutoTiling: 0
  serializedVersion: 2
  m_Size: {x: 0.0001, y: 0.0001}
  m_EdgeRadius: 0
--- !u!212 &104900544
SpriteRenderer:
  m_ObjectHideFlags: 0
  m_PrefabParentObject: {fileID: 0}
  m_PrefabInternal: {fileID: 0}
  m_GameObject: {fileID: 104900540}
  m_Enabled: 1
  m_CastShadows: 0
  m_ReceiveShadows: 0
  m_DynamicOccludee: 1
  m_MotionVectors: 1
  m_LightProbeUsage: 1
  m_ReflectionProbeUsage: 1
  m_Materials:
  - {fileID: 10754, guid: 0000000000000000f000000000000000, type: 0}
  m_StaticBatchInfo:
    firstSubMesh: 0
    subMeshCount: 0
  m_StaticBatchRoot: {fileID: 0}
  m_ProbeAnchor: {fileID: 0}
  m_LightProbeVolumeOverride: {fileID: 0}
  m_ScaleInLightmap: 1
  m_PreserveUVs: 0
  m_IgnoreNormalsForChartDetection: 0
  m_ImportantGI: 0
  m_StitchLightmapSeams: 0
  m_SelectedEditorRenderState: 0
  m_MinimumChartSize: 4
  m_AutoUVMaxDistance: 0.5
  m_AutoUVMaxAngle: 89
  m_LightmapParameters: {fileID: 0}
  m_SortingLayerID: 847847437
  m_SortingLayer: 1
  m_SortingOrder: 0
  m_Sprite: {fileID: 21300000, guid: 20253f819b75f134392efc5147d62580, type: 3}
  m_Color: {r: 1, g: 1, b: 1, a: 1}
  m_FlipX: 0
  m_FlipY: 0
  m_DrawMode: 0
  m_Size: {x: 1.28, y: 1.28}
  m_AdaptiveModeThreshold: 0.5
  m_SpriteTileMode: 0
  m_WasSpriteAssigned: 1
  m_MaskInteraction: 0
--- !u!1001 &105041092
Prefab:
  m_ObjectHideFlags: 0
  serializedVersion: 2
  m_Modification:
    m_TransformParent: {fileID: 2084204198}
    m_Modifications:
    - target: {fileID: 4065349263463696, guid: fdbe29fe2d2f84644a0fe71358919c5d, type: 2}
      propertyPath: m_LocalPosition.x
      value: -9.661174
      objectReference: {fileID: 0}
    - target: {fileID: 4065349263463696, guid: fdbe29fe2d2f84644a0fe71358919c5d, type: 2}
      propertyPath: m_LocalPosition.y
      value: 1.2983241
      objectReference: {fileID: 0}
    - target: {fileID: 4065349263463696, guid: fdbe29fe2d2f84644a0fe71358919c5d, type: 2}
      propertyPath: m_LocalPosition.z
      value: 1.6062329
      objectReference: {fileID: 0}
    - target: {fileID: 4065349263463696, guid: fdbe29fe2d2f84644a0fe71358919c5d, type: 2}
      propertyPath: m_LocalRotation.x
      value: -0
      objectReference: {fileID: 0}
    - target: {fileID: 4065349263463696, guid: fdbe29fe2d2f84644a0fe71358919c5d, type: 2}
      propertyPath: m_LocalRotation.y
      value: -0
      objectReference: {fileID: 0}
    - target: {fileID: 4065349263463696, guid: fdbe29fe2d2f84644a0fe71358919c5d, type: 2}
      propertyPath: m_LocalRotation.z
      value: -0
      objectReference: {fileID: 0}
    - target: {fileID: 4065349263463696, guid: fdbe29fe2d2f84644a0fe71358919c5d, type: 2}
      propertyPath: m_LocalRotation.w
      value: 1
      objectReference: {fileID: 0}
    - target: {fileID: 4065349263463696, guid: fdbe29fe2d2f84644a0fe71358919c5d, type: 2}
      propertyPath: m_RootOrder
      value: 7
      objectReference: {fileID: 0}
    - target: {fileID: 1433676777038158, guid: fdbe29fe2d2f84644a0fe71358919c5d, type: 2}
      propertyPath: m_Name
      value: water_tile (1)
      objectReference: {fileID: 0}
    - target: {fileID: 4065349263463696, guid: fdbe29fe2d2f84644a0fe71358919c5d, type: 2}
      propertyPath: m_LocalScale.x
      value: 2.0569675
      objectReference: {fileID: 0}
    - target: {fileID: 4065349263463696, guid: fdbe29fe2d2f84644a0fe71358919c5d, type: 2}
      propertyPath: m_LocalScale.y
      value: 2.0203776
      objectReference: {fileID: 0}
    m_RemovedComponents: []
  m_ParentPrefab: {fileID: 100100000, guid: fdbe29fe2d2f84644a0fe71358919c5d, type: 2}
  m_IsPrefabParent: 0
--- !u!1001 &189679491
Prefab:
  m_ObjectHideFlags: 0
  serializedVersion: 2
  m_Modification:
    m_TransformParent: {fileID: 953057087}
    m_Modifications:
    - target: {fileID: 4269137998794500, guid: bd823cdc941354a069709b49b482b32f, type: 2}
      propertyPath: m_LocalPosition.x
      value: 0
      objectReference: {fileID: 0}
    - target: {fileID: 4269137998794500, guid: bd823cdc941354a069709b49b482b32f, type: 2}
      propertyPath: m_LocalPosition.y
      value: 0
      objectReference: {fileID: 0}
    - target: {fileID: 4269137998794500, guid: bd823cdc941354a069709b49b482b32f, type: 2}
      propertyPath: m_LocalPosition.z
      value: 0
      objectReference: {fileID: 0}
    - target: {fileID: 4269137998794500, guid: bd823cdc941354a069709b49b482b32f, type: 2}
      propertyPath: m_LocalRotation.x
      value: 0
      objectReference: {fileID: 0}
    - target: {fileID: 4269137998794500, guid: bd823cdc941354a069709b49b482b32f, type: 2}
      propertyPath: m_LocalRotation.y
      value: 0
      objectReference: {fileID: 0}
    - target: {fileID: 4269137998794500, guid: bd823cdc941354a069709b49b482b32f, type: 2}
      propertyPath: m_LocalRotation.z
      value: 0
      objectReference: {fileID: 0}
    - target: {fileID: 4269137998794500, guid: bd823cdc941354a069709b49b482b32f, type: 2}
      propertyPath: m_LocalRotation.w
      value: 1
      objectReference: {fileID: 0}
    - target: {fileID: 4269137998794500, guid: bd823cdc941354a069709b49b482b32f, type: 2}
      propertyPath: m_RootOrder
      value: 0
      objectReference: {fileID: 0}
    m_RemovedComponents: []
  m_ParentPrefab: {fileID: 100100000, guid: bd823cdc941354a069709b49b482b32f, type: 2}
  m_IsPrefabParent: 0
--- !u!1 &189679492 stripped
GameObject:
  m_PrefabParentObject: {fileID: 1379952276165648, guid: bd823cdc941354a069709b49b482b32f,
    type: 2}
  m_PrefabInternal: {fileID: 189679491}
--- !u!4 &189679493 stripped
Transform:
  m_PrefabParentObject: {fileID: 4269137998794500, guid: bd823cdc941354a069709b49b482b32f,
    type: 2}
  m_PrefabInternal: {fileID: 189679491}
--- !u!4 &205121126 stripped
Transform:
  m_PrefabParentObject: {fileID: 4065349263463696, guid: fdbe29fe2d2f84644a0fe71358919c5d,
    type: 2}
  m_PrefabInternal: {fileID: 362217689}
--- !u!1001 &297793839
Prefab:
  m_ObjectHideFlags: 0
  serializedVersion: 2
  m_Modification:
    m_TransformParent: {fileID: 0}
    m_Modifications:
    - target: {fileID: 4269137998794500, guid: bd823cdc941354a069709b49b482b32f, type: 2}
      propertyPath: m_LocalPosition.x
      value: -13.42
      objectReference: {fileID: 0}
    - target: {fileID: 4269137998794500, guid: bd823cdc941354a069709b49b482b32f, type: 2}
      propertyPath: m_LocalPosition.y
      value: 5.76
      objectReference: {fileID: 0}
    - target: {fileID: 4269137998794500, guid: bd823cdc941354a069709b49b482b32f, type: 2}
      propertyPath: m_LocalPosition.z
      value: -10
      objectReference: {fileID: 0}
    - target: {fileID: 4269137998794500, guid: bd823cdc941354a069709b49b482b32f, type: 2}
      propertyPath: m_LocalRotation.x
      value: -0
      objectReference: {fileID: 0}
    - target: {fileID: 4269137998794500, guid: bd823cdc941354a069709b49b482b32f, type: 2}
      propertyPath: m_LocalRotation.y
      value: -0
      objectReference: {fileID: 0}
    - target: {fileID: 4269137998794500, guid: bd823cdc941354a069709b49b482b32f, type: 2}
      propertyPath: m_LocalRotation.z
      value: -0
      objectReference: {fileID: 0}
    - target: {fileID: 4269137998794500, guid: bd823cdc941354a069709b49b482b32f, type: 2}
      propertyPath: m_LocalRotation.w
      value: 1
      objectReference: {fileID: 0}
    - target: {fileID: 4269137998794500, guid: bd823cdc941354a069709b49b482b32f, type: 2}
      propertyPath: m_RootOrder
      value: 6
      objectReference: {fileID: 0}
    m_RemovedComponents: []
  m_ParentPrefab: {fileID: 100100000, guid: bd823cdc941354a069709b49b482b32f, type: 2}
  m_IsPrefabParent: 0
--- !u!1 &341598999
GameObject:
  m_ObjectHideFlags: 0
  m_PrefabParentObject: {fileID: 0}
  m_PrefabInternal: {fileID: 0}
  serializedVersion: 5
  m_Component:
  - component: {fileID: 341599001}
  - component: {fileID: 341599000}
  m_Layer: 0
  m_Name: change3
  m_TagString: Untagged
  m_Icon: {fileID: 0}
  m_NavMeshLayer: 0
  m_StaticEditorFlags: 0
  m_IsActive: 1
--- !u!212 &341599000
SpriteRenderer:
  m_ObjectHideFlags: 0
  m_PrefabParentObject: {fileID: 0}
  m_PrefabInternal: {fileID: 0}
  m_GameObject: {fileID: 341598999}
  m_Enabled: 1
  m_CastShadows: 0
  m_ReceiveShadows: 0
  m_DynamicOccludee: 1
  m_MotionVectors: 1
  m_LightProbeUsage: 1
  m_ReflectionProbeUsage: 1
  m_Materials:
  - {fileID: 10754, guid: 0000000000000000f000000000000000, type: 0}
  m_StaticBatchInfo:
    firstSubMesh: 0
    subMeshCount: 0
  m_StaticBatchRoot: {fileID: 0}
  m_ProbeAnchor: {fileID: 0}
  m_LightProbeVolumeOverride: {fileID: 0}
  m_ScaleInLightmap: 1
  m_PreserveUVs: 0
  m_IgnoreNormalsForChartDetection: 0
  m_ImportantGI: 0
  m_StitchLightmapSeams: 0
  m_SelectedEditorRenderState: 0
  m_MinimumChartSize: 4
  m_AutoUVMaxDistance: 0.5
  m_AutoUVMaxAngle: 89
  m_LightmapParameters: {fileID: 0}
  m_SortingLayerID: 0
  m_SortingLayer: 0
  m_SortingOrder: 0
  m_Sprite: {fileID: 21300000, guid: d8e1814f8bc2fbf4c8b5f020d2300e7b, type: 3}
  m_Color: {r: 1, g: 1, b: 1, a: 1}
  m_FlipX: 0
  m_FlipY: 0
  m_DrawMode: 0
  m_Size: {x: 9.44, y: 2.6}
  m_AdaptiveModeThreshold: 0.5
  m_SpriteTileMode: 0
  m_WasSpriteAssigned: 1
  m_MaskInteraction: 0
--- !u!4 &341599001
Transform:
  m_ObjectHideFlags: 0
  m_PrefabParentObject: {fileID: 0}
  m_PrefabInternal: {fileID: 0}
  m_GameObject: {fileID: 341598999}
  m_LocalRotation: {x: 0, y: 0, z: 0, w: 1}
  m_LocalPosition: {x: -13.004, y: 2.399, z: 0}
  m_LocalScale: {x: 0.74519074, y: 0.74519074, z: 0.74519074}
  m_Children: []
  m_Father: {fileID: 0}
  m_RootOrder: 14
  m_LocalEulerAnglesHint: {x: 0, y: 0, z: 0}
--- !u!1001 &362217689
Prefab:
  m_ObjectHideFlags: 0
  serializedVersion: 2
  m_Modification:
    m_TransformParent: {fileID: 2084204198}
    m_Modifications:
    - target: {fileID: 4065349263463696, guid: fdbe29fe2d2f84644a0fe71358919c5d, type: 2}
      propertyPath: m_LocalPosition.x
      value: -9.641174
      objectReference: {fileID: 0}
    - target: {fileID: 4065349263463696, guid: fdbe29fe2d2f84644a0fe71358919c5d, type: 2}
      propertyPath: m_LocalPosition.y
      value: 2.559228
      objectReference: {fileID: 0}
    - target: {fileID: 4065349263463696, guid: fdbe29fe2d2f84644a0fe71358919c5d, type: 2}
      propertyPath: m_LocalPosition.z
      value: 1.6062329
      objectReference: {fileID: 0}
    - target: {fileID: 4065349263463696, guid: fdbe29fe2d2f84644a0fe71358919c5d, type: 2}
      propertyPath: m_LocalRotation.x
      value: -0
      objectReference: {fileID: 0}
    - target: {fileID: 4065349263463696, guid: fdbe29fe2d2f84644a0fe71358919c5d, type: 2}
      propertyPath: m_LocalRotation.y
      value: -0
      objectReference: {fileID: 0}
    - target: {fileID: 4065349263463696, guid: fdbe29fe2d2f84644a0fe71358919c5d, type: 2}
      propertyPath: m_LocalRotation.z
      value: -0
      objectReference: {fileID: 0}
    - target: {fileID: 4065349263463696, guid: fdbe29fe2d2f84644a0fe71358919c5d, type: 2}
      propertyPath: m_LocalRotation.w
      value: 1
      objectReference: {fileID: 0}
    - target: {fileID: 4065349263463696, guid: fdbe29fe2d2f84644a0fe71358919c5d, type: 2}
      propertyPath: m_RootOrder
      value: 1
      objectReference: {fileID: 0}
    - target: {fileID: 4065349263463696, guid: fdbe29fe2d2f84644a0fe71358919c5d, type: 2}
      propertyPath: m_LocalScale.x
      value: 2.0569675
      objectReference: {fileID: 0}
    m_RemovedComponents: []
  m_ParentPrefab: {fileID: 100100000, guid: fdbe29fe2d2f84644a0fe71358919c5d, type: 2}
  m_IsPrefabParent: 0
--- !u!1 &372261136
GameObject:
  m_ObjectHideFlags: 0
  m_PrefabParentObject: {fileID: 0}
  m_PrefabInternal: {fileID: 0}
  serializedVersion: 5
  m_Component:
  - component: {fileID: 372261138}
  - component: {fileID: 372261137}
  m_Layer: 0
  m_Name: buttonstouchs_4
  m_TagString: Untagged
  m_Icon: {fileID: 0}
  m_NavMeshLayer: 0
  m_StaticEditorFlags: 0
  m_IsActive: 1
--- !u!212 &372261137
SpriteRenderer:
  m_ObjectHideFlags: 0
  m_PrefabParentObject: {fileID: 0}
  m_PrefabInternal: {fileID: 0}
  m_GameObject: {fileID: 372261136}
  m_Enabled: 1
  m_CastShadows: 0
  m_ReceiveShadows: 0
  m_DynamicOccludee: 1
  m_MotionVectors: 1
  m_LightProbeUsage: 1
  m_ReflectionProbeUsage: 1
  m_Materials:
  - {fileID: 10754, guid: 0000000000000000f000000000000000, type: 0}
  m_StaticBatchInfo:
    firstSubMesh: 0
    subMeshCount: 0
  m_StaticBatchRoot: {fileID: 0}
  m_ProbeAnchor: {fileID: 0}
  m_LightProbeVolumeOverride: {fileID: 0}
  m_ScaleInLightmap: 1
  m_PreserveUVs: 0
  m_IgnoreNormalsForChartDetection: 0
  m_ImportantGI: 0
  m_StitchLightmapSeams: 0
  m_SelectedEditorRenderState: 0
  m_MinimumChartSize: 4
  m_AutoUVMaxDistance: 0.5
  m_AutoUVMaxAngle: 89
  m_LightmapParameters: {fileID: 0}
  m_SortingLayerID: 847847437
  m_SortingLayer: 1
  m_SortingOrder: 0
  m_Sprite: {fileID: 21300008, guid: fe754b1a27c3feb49ac4cf6d7a0020c9, type: 3}
  m_Color: {r: 1, g: 1, b: 1, a: 1}
  m_FlipX: 0
  m_FlipY: 0
  m_DrawMode: 0
  m_Size: {x: 1.87, y: 1.74}
  m_AdaptiveModeThreshold: 0.5
  m_SpriteTileMode: 0
  m_WasSpriteAssigned: 1
  m_MaskInteraction: 0
--- !u!4 &372261138
Transform:
  m_ObjectHideFlags: 0
  m_PrefabParentObject: {fileID: 0}
  m_PrefabInternal: {fileID: 0}
  m_GameObject: {fileID: 372261136}
  m_LocalRotation: {x: 0, y: 0, z: 0, w: 1}
  m_LocalPosition: {x: -11.78, y: 3.13, z: 0}
  m_LocalScale: {x: 0.77, y: 0.77, z: 1}
  m_Children: []
  m_Father: {fileID: 0}
  m_RootOrder: 21
  m_LocalEulerAnglesHint: {x: 0, y: 0, z: 0}
--- !u!1 &399828134
GameObject:
  m_ObjectHideFlags: 0
  m_PrefabParentObject: {fileID: 0}
  m_PrefabInternal: {fileID: 0}
  serializedVersion: 5
  m_Component:
  - component: {fileID: 399828136}
  - component: {fileID: 399828135}
  m_Layer: 0
  m_Name: pont
  m_TagString: Untagged
  m_Icon: {fileID: 0}
  m_NavMeshLayer: 0
  m_StaticEditorFlags: 0
  m_IsActive: 1
--- !u!212 &399828135
SpriteRenderer:
  m_ObjectHideFlags: 0
  m_PrefabParentObject: {fileID: 0}
  m_PrefabInternal: {fileID: 0}
  m_GameObject: {fileID: 399828134}
  m_Enabled: 1
  m_CastShadows: 0
  m_ReceiveShadows: 0
  m_DynamicOccludee: 1
  m_MotionVectors: 1
  m_LightProbeUsage: 1
  m_ReflectionProbeUsage: 1
  m_Materials:
  - {fileID: 10754, guid: 0000000000000000f000000000000000, type: 0}
  m_StaticBatchInfo:
    firstSubMesh: 0
    subMeshCount: 0
  m_StaticBatchRoot: {fileID: 0}
  m_ProbeAnchor: {fileID: 0}
  m_LightProbeVolumeOverride: {fileID: 0}
  m_ScaleInLightmap: 1
  m_PreserveUVs: 0
  m_IgnoreNormalsForChartDetection: 0
  m_ImportantGI: 0
  m_StitchLightmapSeams: 0
  m_SelectedEditorRenderState: 0
  m_MinimumChartSize: 4
  m_AutoUVMaxDistance: 0.5
  m_AutoUVMaxAngle: 89
  m_LightmapParameters: {fileID: 0}
  m_SortingLayerID: 0
  m_SortingLayer: 0
  m_SortingOrder: 0
  m_Sprite: {fileID: 21300000, guid: a896b9bba40d3504aa0bf4ee939e2c5e, type: 3}
  m_Color: {r: 1, g: 1, b: 1, a: 1}
  m_FlipX: 0
  m_FlipY: 0
  m_DrawMode: 0
  m_Size: {x: 8.04, y: 2.72}
  m_AdaptiveModeThreshold: 0.5
  m_SpriteTileMode: 0
  m_WasSpriteAssigned: 1
  m_MaskInteraction: 0
--- !u!4 &399828136
Transform:
  m_ObjectHideFlags: 0
  m_PrefabParentObject: {fileID: 0}
  m_PrefabInternal: {fileID: 0}
  m_GameObject: {fileID: 399828134}
  m_LocalRotation: {x: 0, y: 0, z: 0, w: 1}
  m_LocalPosition: {x: -17.12, y: 10.461, z: 0}
  m_LocalScale: {x: 0.7516604, y: 0.82522297, z: 1}
  m_Children: []
  m_Father: {fileID: 0}
  m_RootOrder: 15
  m_LocalEulerAnglesHint: {x: 0, y: 0, z: 0}
--- !u!1 &468351015
GameObject:
  m_ObjectHideFlags: 0
  m_PrefabParentObject: {fileID: 0}
  m_PrefabInternal: {fileID: 0}
  serializedVersion: 5
  m_Component:
  - component: {fileID: 468351016}
  m_Layer: 0
  m_Name: Text
  m_TagString: Untagged
  m_Icon: {fileID: 0}
  m_NavMeshLayer: 0
  m_StaticEditorFlags: 0
  m_IsActive: 1
--- !u!4 &468351016
Transform:
  m_ObjectHideFlags: 0
  m_PrefabParentObject: {fileID: 0}
  m_PrefabInternal: {fileID: 0}
  m_GameObject: {fileID: 468351015}
  m_LocalRotation: {x: 0, y: 0, z: 0, w: 1}
  m_LocalPosition: {x: -4.337826, y: 5.181676, z: 3.393767}
  m_LocalScale: {x: 1, y: 1, z: 1}
  m_Children:
  - {fileID: 2065052363}
  - {fileID: 9123403}
  - {fileID: 1724819338}
  - {fileID: 1757746044}
  - {fileID: 789132375}
  m_Father: {fileID: 0}
  m_RootOrder: 10
  m_LocalEulerAnglesHint: {x: 0, y: 0, z: 0}
--- !u!1 &472865762
GameObject:
  m_ObjectHideFlags: 0
  m_PrefabParentObject: {fileID: 0}
  m_PrefabInternal: {fileID: 0}
  serializedVersion: 5
  m_Component:
  - component: {fileID: 472865763}
  m_Layer: 0
  m_Name: Followers
  m_TagString: Untagged
  m_Icon: {fileID: 0}
  m_NavMeshLayer: 0
  m_StaticEditorFlags: 0
  m_IsActive: 1
--- !u!4 &472865763
Transform:
  m_ObjectHideFlags: 0
  m_PrefabParentObject: {fileID: 0}
  m_PrefabInternal: {fileID: 0}
  m_GameObject: {fileID: 472865762}
  m_LocalRotation: {x: -0, y: -0, z: -0, w: 1}
  m_LocalPosition: {x: 1.5309817, y: 8.312558, z: 1.9607837}
  m_LocalScale: {x: 1, y: 1, z: 1}
  m_Children:
  - {fileID: 1705273995}
  - {fileID: 104900541}
  m_Father: {fileID: 1572315107}
  m_RootOrder: 3
  m_LocalEulerAnglesHint: {x: 0, y: 0, z: 0}
--- !u!4 &513576954 stripped
Transform:
  m_PrefabParentObject: {fileID: 4065349263463696, guid: fdbe29fe2d2f84644a0fe71358919c5d,
    type: 2}
  m_PrefabInternal: {fileID: 105041092}
--- !u!1 &629700843
GameObject:
  m_ObjectHideFlags: 0
  m_PrefabParentObject: {fileID: 0}
  m_PrefabInternal: {fileID: 0}
  serializedVersion: 5
  m_Component:
  - component: {fileID: 629700845}
  - component: {fileID: 629700844}
  m_Layer: 0
  m_Name: buttonstouchs_2
  m_TagString: Untagged
  m_Icon: {fileID: 0}
  m_NavMeshLayer: 0
  m_StaticEditorFlags: 0
  m_IsActive: 1
--- !u!212 &629700844
SpriteRenderer:
  m_ObjectHideFlags: 0
  m_PrefabParentObject: {fileID: 0}
  m_PrefabInternal: {fileID: 0}
  m_GameObject: {fileID: 629700843}
  m_Enabled: 1
  m_CastShadows: 0
  m_ReceiveShadows: 0
  m_DynamicOccludee: 1
  m_MotionVectors: 1
  m_LightProbeUsage: 1
  m_ReflectionProbeUsage: 1
  m_Materials:
  - {fileID: 10754, guid: 0000000000000000f000000000000000, type: 0}
  m_StaticBatchInfo:
    firstSubMesh: 0
    subMeshCount: 0
  m_StaticBatchRoot: {fileID: 0}
  m_ProbeAnchor: {fileID: 0}
  m_LightProbeVolumeOverride: {fileID: 0}
  m_ScaleInLightmap: 1
  m_PreserveUVs: 0
  m_IgnoreNormalsForChartDetection: 0
  m_ImportantGI: 0
  m_StitchLightmapSeams: 0
  m_SelectedEditorRenderState: 0
  m_MinimumChartSize: 4
  m_AutoUVMaxDistance: 0.5
  m_AutoUVMaxAngle: 89
  m_LightmapParameters: {fileID: 0}
  m_SortingLayerID: 847847437
  m_SortingLayer: 1
  m_SortingOrder: 0
  m_Sprite: {fileID: 21300004, guid: fe754b1a27c3feb49ac4cf6d7a0020c9, type: 3}
  m_Color: {r: 1, g: 1, b: 1, a: 1}
  m_FlipX: 0
  m_FlipY: 0
  m_DrawMode: 0
  m_Size: {x: 1.87, y: 1.74}
  m_AdaptiveModeThreshold: 0.5
  m_SpriteTileMode: 0
  m_WasSpriteAssigned: 1
  m_MaskInteraction: 0
--- !u!4 &629700845
Transform:
  m_ObjectHideFlags: 0
  m_PrefabParentObject: {fileID: 0}
  m_PrefabInternal: {fileID: 0}
  m_GameObject: {fileID: 629700843}
  m_LocalRotation: {x: 0, y: 0, z: 0, w: 1}
  m_LocalPosition: {x: 3.11, y: 10.86, z: 0}
  m_LocalScale: {x: 0.77, y: 0.77, z: 1}
  m_Children: []
  m_Father: {fileID: 0}
  m_RootOrder: 22
  m_LocalEulerAnglesHint: {x: 0, y: 0, z: 0}
--- !u!1001 &651990393
Prefab:
  m_ObjectHideFlags: 0
  serializedVersion: 2
  m_Modification:
    m_TransformParent: {fileID: 0}
    m_Modifications:
    - target: {fileID: 4756355475633182, guid: 47a72ce84b7704242976aa15fea57734, type: 2}
      propertyPath: m_LocalPosition.x
      value: 7.71
      objectReference: {fileID: 0}
    - target: {fileID: 4756355475633182, guid: 47a72ce84b7704242976aa15fea57734, type: 2}
      propertyPath: m_LocalPosition.y
      value: 6.48
      objectReference: {fileID: 0}
    - target: {fileID: 4756355475633182, guid: 47a72ce84b7704242976aa15fea57734, type: 2}
      propertyPath: m_LocalPosition.z
      value: 0
      objectReference: {fileID: 0}
    - target: {fileID: 4756355475633182, guid: 47a72ce84b7704242976aa15fea57734, type: 2}
      propertyPath: m_LocalRotation.x
      value: 0
      objectReference: {fileID: 0}
    - target: {fileID: 4756355475633182, guid: 47a72ce84b7704242976aa15fea57734, type: 2}
      propertyPath: m_LocalRotation.y
      value: 0
      objectReference: {fileID: 0}
    - target: {fileID: 4756355475633182, guid: 47a72ce84b7704242976aa15fea57734, type: 2}
      propertyPath: m_LocalRotation.z
      value: 0
      objectReference: {fileID: 0}
    - target: {fileID: 4756355475633182, guid: 47a72ce84b7704242976aa15fea57734, type: 2}
      propertyPath: m_LocalRotation.w
      value: 1
      objectReference: {fileID: 0}
    - target: {fileID: 4756355475633182, guid: 47a72ce84b7704242976aa15fea57734, type: 2}
      propertyPath: m_RootOrder
      value: 0
      objectReference: {fileID: 0}
    - target: {fileID: 1731271724930478, guid: 47a72ce84b7704242976aa15fea57734, type: 2}
      propertyPath: m_Name
      value: Exit
      objectReference: {fileID: 0}
    - target: {fileID: 61692809535574728, guid: 47a72ce84b7704242976aa15fea57734,
        type: 2}
      propertyPath: m_IsTrigger
      value: 1
      objectReference: {fileID: 0}
    - target: {fileID: 212919553047585098, guid: 47a72ce84b7704242976aa15fea57734,
        type: 2}
      propertyPath: m_Sprite
      value: 
      objectReference: {fileID: 21300000, guid: e80daa823456456408cbf8d2af9b89a3,
        type: 3}
    - target: {fileID: 212919553047585098, guid: 47a72ce84b7704242976aa15fea57734,
        type: 2}
      propertyPath: m_Size.x
      value: 1.76
      objectReference: {fileID: 0}
    - target: {fileID: 212919553047585098, guid: 47a72ce84b7704242976aa15fea57734,
        type: 2}
      propertyPath: m_Size.y
      value: 1.75
      objectReference: {fileID: 0}
    - target: {fileID: 212919553047585098, guid: 47a72ce84b7704242976aa15fea57734,
        type: 2}
      propertyPath: m_WasSpriteAssigned
      value: 1
      objectReference: {fileID: 0}
    - target: {fileID: 4756355475633182, guid: 47a72ce84b7704242976aa15fea57734, type: 2}
      propertyPath: m_LocalScale.x
      value: 2
      objectReference: {fileID: 0}
    - target: {fileID: 4756355475633182, guid: 47a72ce84b7704242976aa15fea57734, type: 2}
      propertyPath: m_LocalScale.y
      value: 2
      objectReference: {fileID: 0}
    - target: {fileID: 4756355475633182, guid: 47a72ce84b7704242976aa15fea57734, type: 2}
      propertyPath: m_LocalScale.z
      value: 1.4777035
      objectReference: {fileID: 0}
    - target: {fileID: 114689861012012310, guid: 47a72ce84b7704242976aa15fea57734,
        type: 2}
      propertyPath: scene
      value: demo_accueil
      objectReference: {fileID: 0}
    - target: {fileID: 61692809535574728, guid: 47a72ce84b7704242976aa15fea57734,
        type: 2}
      propertyPath: m_SpriteTilingProperty.oldSize.x
      value: 1.76
      objectReference: {fileID: 0}
    - target: {fileID: 61692809535574728, guid: 47a72ce84b7704242976aa15fea57734,
        type: 2}
      propertyPath: m_SpriteTilingProperty.oldSize.y
      value: 1.75
      objectReference: {fileID: 0}
    - target: {fileID: 61692809535574728, guid: 47a72ce84b7704242976aa15fea57734,
        type: 2}
      propertyPath: m_SpriteTilingProperty.newSize.x
      value: 1.76
      objectReference: {fileID: 0}
    - target: {fileID: 61692809535574728, guid: 47a72ce84b7704242976aa15fea57734,
        type: 2}
      propertyPath: m_SpriteTilingProperty.newSize.y
      value: 1.75
      objectReference: {fileID: 0}
    m_RemovedComponents: []
  m_ParentPrefab: {fileID: 100100000, guid: 47a72ce84b7704242976aa15fea57734, type: 2}
  m_IsPrefabParent: 0
--- !u!1001 &679829647
Prefab:
  m_ObjectHideFlags: 0
  serializedVersion: 2
  m_Modification:
    m_TransformParent: {fileID: 0}
    m_Modifications:
    - target: {fileID: 4348365406778562, guid: ca18a8dc0d1fc2643bd9e8385d04c421, type: 2}
      propertyPath: m_LocalPosition.x
      value: -4.6617675
      objectReference: {fileID: 0}
    - target: {fileID: 4348365406778562, guid: ca18a8dc0d1fc2643bd9e8385d04c421, type: 2}
      propertyPath: m_LocalPosition.y
      value: 7.7612066
      objectReference: {fileID: 0}
    - target: {fileID: 4348365406778562, guid: ca18a8dc0d1fc2643bd9e8385d04c421, type: 2}
      propertyPath: m_LocalPosition.z
      value: 0
      objectReference: {fileID: 0}
    - target: {fileID: 4348365406778562, guid: ca18a8dc0d1fc2643bd9e8385d04c421, type: 2}
      propertyPath: m_LocalRotation.x
      value: 0
      objectReference: {fileID: 0}
    - target: {fileID: 4348365406778562, guid: ca18a8dc0d1fc2643bd9e8385d04c421, type: 2}
      propertyPath: m_LocalRotation.y
      value: 0
      objectReference: {fileID: 0}
    - target: {fileID: 4348365406778562, guid: ca18a8dc0d1fc2643bd9e8385d04c421, type: 2}
      propertyPath: m_LocalRotation.z
      value: -0.7071068
      objectReference: {fileID: 0}
    - target: {fileID: 4348365406778562, guid: ca18a8dc0d1fc2643bd9e8385d04c421, type: 2}
      propertyPath: m_LocalRotation.w
      value: 0.7071068
      objectReference: {fileID: 0}
    - target: {fileID: 4348365406778562, guid: ca18a8dc0d1fc2643bd9e8385d04c421, type: 2}
      propertyPath: m_RootOrder
      value: 4
      objectReference: {fileID: 0}
    - target: {fileID: 4348365406778562, guid: ca18a8dc0d1fc2643bd9e8385d04c421, type: 2}
      propertyPath: m_LocalEulerAnglesHint.z
      value: -90
      objectReference: {fileID: 0}
    m_RemovedComponents: []
  m_ParentPrefab: {fileID: 100100000, guid: ca18a8dc0d1fc2643bd9e8385d04c421, type: 2}
  m_IsPrefabParent: 0
--- !u!4 &680581347 stripped
Transform:
  m_PrefabParentObject: {fileID: 4487357537033022, guid: 8bde41514cdc2ed48a199137e277f057,
    type: 2}
  m_PrefabInternal: {fileID: 1387795152}
--- !u!1001 &740971993
Prefab:
  m_ObjectHideFlags: 0
  serializedVersion: 2
  m_Modification:
    m_TransformParent: {fileID: 0}
    m_Modifications:
    - target: {fileID: 4046901959337332, guid: f7564e367a6072245a626971e714c05f, type: 2}
      propertyPath: m_LocalPosition.x
      value: -8.08
      objectReference: {fileID: 0}
    - target: {fileID: 4046901959337332, guid: f7564e367a6072245a626971e714c05f, type: 2}
      propertyPath: m_LocalPosition.y
      value: 6.4824657
      objectReference: {fileID: 0}
    - target: {fileID: 4046901959337332, guid: f7564e367a6072245a626971e714c05f, type: 2}
      propertyPath: m_LocalPosition.z
      value: 0
      objectReference: {fileID: 0}
    - target: {fileID: 4046901959337332, guid: f7564e367a6072245a626971e714c05f, type: 2}
      propertyPath: m_LocalRotation.x
      value: -0
      objectReference: {fileID: 0}
    - target: {fileID: 4046901959337332, guid: f7564e367a6072245a626971e714c05f, type: 2}
      propertyPath: m_LocalRotation.y
      value: -0
      objectReference: {fileID: 0}
    - target: {fileID: 4046901959337332, guid: f7564e367a6072245a626971e714c05f, type: 2}
      propertyPath: m_LocalRotation.z
      value: -0
      objectReference: {fileID: 0}
    - target: {fileID: 4046901959337332, guid: f7564e367a6072245a626971e714c05f, type: 2}
      propertyPath: m_LocalRotation.w
      value: 1
      objectReference: {fileID: 0}
    - target: {fileID: 4046901959337332, guid: f7564e367a6072245a626971e714c05f, type: 2}
      propertyPath: m_RootOrder
      value: 9
      objectReference: {fileID: 0}
    - target: {fileID: 1158203548560396, guid: f7564e367a6072245a626971e714c05f, type: 2}
      propertyPath: m_Name
      value: crate 1 (1)
      objectReference: {fileID: 0}
    m_RemovedComponents: []
  m_ParentPrefab: {fileID: 100100000, guid: f7564e367a6072245a626971e714c05f, type: 2}
  m_IsPrefabParent: 0
--- !u!1 &789132374
GameObject:
  m_ObjectHideFlags: 0
  m_PrefabParentObject: {fileID: 0}
  m_PrefabInternal: {fileID: 0}
  serializedVersion: 5
  m_Component:
  - component: {fileID: 789132375}
  - component: {fileID: 789132376}
  m_Layer: 0
  m_Name: bulle (4)
  m_TagString: Untagged
  m_Icon: {fileID: 0}
  m_NavMeshLayer: 0
  m_StaticEditorFlags: 0
  m_IsActive: 1
--- !u!4 &789132375
Transform:
  m_ObjectHideFlags: 0
  m_PrefabParentObject: {fileID: 0}
  m_PrefabInternal: {fileID: 0}
  m_GameObject: {fileID: 789132374}
  m_LocalRotation: {x: -0, y: -0, z: -0, w: 1}
  m_LocalPosition: {x: 6.56, y: 5.05, z: 5}
  m_LocalScale: {x: 3.5805, y: 2.79574, z: 1}
  m_Children: []
  m_Father: {fileID: 468351016}
  m_RootOrder: 4
  m_LocalEulerAnglesHint: {x: 0, y: 0, z: 0}
--- !u!212 &789132376
SpriteRenderer:
  m_ObjectHideFlags: 0
  m_PrefabParentObject: {fileID: 0}
  m_PrefabInternal: {fileID: 0}
  m_GameObject: {fileID: 789132374}
  m_Enabled: 1
  m_CastShadows: 0
  m_ReceiveShadows: 0
  m_DynamicOccludee: 1
  m_MotionVectors: 1
  m_LightProbeUsage: 1
  m_ReflectionProbeUsage: 1
  m_Materials:
  - {fileID: 10754, guid: 0000000000000000f000000000000000, type: 0}
  m_StaticBatchInfo:
    firstSubMesh: 0
    subMeshCount: 0
  m_StaticBatchRoot: {fileID: 0}
  m_ProbeAnchor: {fileID: 0}
  m_LightProbeVolumeOverride: {fileID: 0}
  m_ScaleInLightmap: 1
  m_PreserveUVs: 0
  m_IgnoreNormalsForChartDetection: 0
  m_ImportantGI: 0
  m_StitchLightmapSeams: 0
  m_SelectedEditorRenderState: 0
  m_MinimumChartSize: 4
  m_AutoUVMaxDistance: 0.5
  m_AutoUVMaxAngle: 89
  m_LightmapParameters: {fileID: 0}
  m_SortingLayerID: -126229679
  m_SortingLayer: -1
  m_SortingOrder: 3
  m_Sprite: {fileID: 21300000, guid: d842e880035ea644599fe688a926f696, type: 3}
  m_Color: {r: 1, g: 1, b: 1, a: 1}
  m_FlipX: 0
  m_FlipY: 0
  m_DrawMode: 0
  m_Size: {x: 2.56, y: 1.28}
  m_AdaptiveModeThreshold: 0.5
  m_SpriteTileMode: 0
  m_WasSpriteAssigned: 1
  m_MaskInteraction: 0
--- !u!1001 &854039622
Prefab:
  m_ObjectHideFlags: 0
  serializedVersion: 2
  m_Modification:
    m_TransformParent: {fileID: 0}
    m_Modifications:
    - target: {fileID: 4348365406778562, guid: ca18a8dc0d1fc2643bd9e8385d04c421, type: 2}
      propertyPath: m_LocalPosition.x
      value: -4.71
      objectReference: {fileID: 0}
    - target: {fileID: 4348365406778562, guid: ca18a8dc0d1fc2643bd9e8385d04c421, type: 2}
      propertyPath: m_LocalPosition.y
      value: 5.17
      objectReference: {fileID: 0}
    - target: {fileID: 4348365406778562, guid: ca18a8dc0d1fc2643bd9e8385d04c421, type: 2}
      propertyPath: m_LocalPosition.z
      value: 0
      objectReference: {fileID: 0}
    - target: {fileID: 4348365406778562, guid: ca18a8dc0d1fc2643bd9e8385d04c421, type: 2}
      propertyPath: m_LocalRotation.x
      value: 0
      objectReference: {fileID: 0}
    - target: {fileID: 4348365406778562, guid: ca18a8dc0d1fc2643bd9e8385d04c421, type: 2}
      propertyPath: m_LocalRotation.y
      value: 0
      objectReference: {fileID: 0}
    - target: {fileID: 4348365406778562, guid: ca18a8dc0d1fc2643bd9e8385d04c421, type: 2}
      propertyPath: m_LocalRotation.z
      value: -0.7071068
      objectReference: {fileID: 0}
    - target: {fileID: 4348365406778562, guid: ca18a8dc0d1fc2643bd9e8385d04c421, type: 2}
      propertyPath: m_LocalRotation.w
      value: 0.7071068
      objectReference: {fileID: 0}
    - target: {fileID: 4348365406778562, guid: ca18a8dc0d1fc2643bd9e8385d04c421, type: 2}
      propertyPath: m_RootOrder
      value: 3
      objectReference: {fileID: 0}
    - target: {fileID: 1351033123966762, guid: ca18a8dc0d1fc2643bd9e8385d04c421, type: 2}
      propertyPath: m_Name
      value: chest100_0 (2)
      objectReference: {fileID: 0}
    - target: {fileID: 4348365406778562, guid: ca18a8dc0d1fc2643bd9e8385d04c421, type: 2}
      propertyPath: m_LocalEulerAnglesHint.z
      value: -90
      objectReference: {fileID: 0}
    m_RemovedComponents: []
  m_ParentPrefab: {fileID: 100100000, guid: ca18a8dc0d1fc2643bd9e8385d04c421, type: 2}
  m_IsPrefabParent: 0
--- !u!1 &854954561
GameObject:
  m_ObjectHideFlags: 0
  m_PrefabParentObject: {fileID: 0}
  m_PrefabInternal: {fileID: 0}
  serializedVersion: 5
  m_Component:
  - component: {fileID: 854954563}
  - component: {fileID: 854954562}
  m_Layer: 0
  m_Name: SquelettePousseur(1)_0
  m_TagString: Untagged
  m_Icon: {fileID: 0}
  m_NavMeshLayer: 0
  m_StaticEditorFlags: 0
  m_IsActive: 1
--- !u!212 &854954562
SpriteRenderer:
  m_ObjectHideFlags: 0
  m_PrefabParentObject: {fileID: 0}
  m_PrefabInternal: {fileID: 0}
  m_GameObject: {fileID: 854954561}
  m_Enabled: 1
  m_CastShadows: 0
  m_ReceiveShadows: 0
  m_DynamicOccludee: 1
  m_MotionVectors: 1
  m_LightProbeUsage: 1
  m_ReflectionProbeUsage: 1
  m_Materials:
  - {fileID: 10754, guid: 0000000000000000f000000000000000, type: 0}
  m_StaticBatchInfo:
    firstSubMesh: 0
    subMeshCount: 0
  m_StaticBatchRoot: {fileID: 0}
  m_ProbeAnchor: {fileID: 0}
  m_LightProbeVolumeOverride: {fileID: 0}
  m_ScaleInLightmap: 1
  m_PreserveUVs: 0
  m_IgnoreNormalsForChartDetection: 0
  m_ImportantGI: 0
  m_StitchLightmapSeams: 0
  m_SelectedEditorRenderState: 0
  m_MinimumChartSize: 4
  m_AutoUVMaxDistance: 0.5
  m_AutoUVMaxAngle: 89
  m_LightmapParameters: {fileID: 0}
  m_SortingLayerID: 847847437
  m_SortingLayer: 1
  m_SortingOrder: 0
  m_Sprite: {fileID: 21300000, guid: 35520a236fee8c84e903e6132e22e97f, type: 3}
  m_Color: {r: 1, g: 1, b: 1, a: 1}
  m_FlipX: 0
  m_FlipY: 0
  m_DrawMode: 0
  m_Size: {x: 3.45, y: 3.15}
  m_AdaptiveModeThreshold: 0.5
  m_SpriteTileMode: 0
  m_WasSpriteAssigned: 1
  m_MaskInteraction: 0
--- !u!4 &854954563
Transform:
  m_ObjectHideFlags: 0
  m_PrefabParentObject: {fileID: 0}
  m_PrefabInternal: {fileID: 0}
  m_GameObject: {fileID: 854954561}
  m_LocalRotation: {x: 0, y: 0, z: 0, w: 1}
  m_LocalPosition: {x: 3.84, y: 3.18, z: 0}
  m_LocalScale: {x: 0.31456137, y: 0.30750033, z: 0.38870388}
  m_Children: []
  m_Father: {fileID: 0}
  m_RootOrder: 11
  m_LocalEulerAnglesHint: {x: 0, y: 0, z: 0}
--- !u!4 &856643944 stripped
Transform:
  m_PrefabParentObject: {fileID: 4046901959337332, guid: f7564e367a6072245a626971e714c05f,
    type: 2}
  m_PrefabInternal: {fileID: 1342008859}
--- !u!1001 &899342243
Prefab:
  m_ObjectHideFlags: 0
  serializedVersion: 2
  m_Modification:
    m_TransformParent: {fileID: 0}
    m_Modifications:
    - target: {fileID: 4046901959337332, guid: f7564e367a6072245a626971e714c05f, type: 2}
      propertyPath: m_LocalPosition.x
      value: -9.5
      objectReference: {fileID: 0}
    - target: {fileID: 4046901959337332, guid: f7564e367a6072245a626971e714c05f, type: 2}
      propertyPath: m_LocalPosition.y
      value: 6.48
      objectReference: {fileID: 0}
    - target: {fileID: 4046901959337332, guid: f7564e367a6072245a626971e714c05f, type: 2}
      propertyPath: m_LocalPosition.z
      value: 0
      objectReference: {fileID: 0}
    - target: {fileID: 4046901959337332, guid: f7564e367a6072245a626971e714c05f, type: 2}
      propertyPath: m_LocalRotation.x
      value: -0
      objectReference: {fileID: 0}
    - target: {fileID: 4046901959337332, guid: f7564e367a6072245a626971e714c05f, type: 2}
      propertyPath: m_LocalRotation.y
      value: -0
      objectReference: {fileID: 0}
    - target: {fileID: 4046901959337332, guid: f7564e367a6072245a626971e714c05f, type: 2}
      propertyPath: m_LocalRotation.z
      value: -0
      objectReference: {fileID: 0}
    - target: {fileID: 4046901959337332, guid: f7564e367a6072245a626971e714c05f, type: 2}
      propertyPath: m_LocalRotation.w
      value: 1
      objectReference: {fileID: 0}
    - target: {fileID: 4046901959337332, guid: f7564e367a6072245a626971e714c05f, type: 2}
      propertyPath: m_RootOrder
      value: 18
      objectReference: {fileID: 0}
    - target: {fileID: 1158203548560396, guid: f7564e367a6072245a626971e714c05f, type: 2}
      propertyPath: m_Name
      value: crate 1 (2)
      objectReference: {fileID: 0}
    m_RemovedComponents: []
  m_ParentPrefab: {fileID: 100100000, guid: f7564e367a6072245a626971e714c05f, type: 2}
  m_IsPrefabParent: 0
--- !u!1 &953057086
GameObject:
  m_ObjectHideFlags: 0
  m_PrefabParentObject: {fileID: 0}
  m_PrefabInternal: {fileID: 0}
  serializedVersion: 5
  m_Component:
  - component: {fileID: 953057087}
  - component: {fileID: 953057091}
  - component: {fileID: 953057090}
  - component: {fileID: 953057089}
  - component: {fileID: 953057088}
  m_Layer: 0
  m_Name: Main Camera
  m_TagString: MainCamera
  m_Icon: {fileID: 0}
  m_NavMeshLayer: 0
  m_StaticEditorFlags: 0
  m_IsActive: 1
--- !u!4 &953057087
Transform:
  m_ObjectHideFlags: 0
  m_PrefabParentObject: {fileID: 0}
  m_PrefabInternal: {fileID: 0}
  m_GameObject: {fileID: 953057086}
  m_LocalRotation: {x: -0, y: -0, z: -0, w: 1}
  m_LocalPosition: {x: 1.0028574, y: 1.2268384, z: -10.0126915}
  m_LocalScale: {x: 1, y: 1, z: 1}
  m_Children:
  - {fileID: 189679493}
  m_Father: {fileID: 1572315107}
  m_RootOrder: 0
  m_LocalEulerAnglesHint: {x: 0, y: 0, z: 0}
--- !u!114 &953057088
MonoBehaviour:
  m_ObjectHideFlags: 0
  m_PrefabParentObject: {fileID: 0}
  m_PrefabInternal: {fileID: 0}
  m_GameObject: {fileID: 953057086}
  m_Enabled: 1
  m_EditorHideFlags: 0
  m_Script: {fileID: 11500000, guid: 916c91a21ab3cc04882e58617cc8e492, type: 3}
  m_Name: 
  m_EditorClassIdentifier: 
  player: {fileID: 2097585930}
--- !u!81 &953057089
AudioListener:
  m_ObjectHideFlags: 0
  m_PrefabParentObject: {fileID: 0}
  m_PrefabInternal: {fileID: 0}
  m_GameObject: {fileID: 953057086}
  m_Enabled: 1
--- !u!124 &953057090
Behaviour:
  m_ObjectHideFlags: 0
  m_PrefabParentObject: {fileID: 0}
  m_PrefabInternal: {fileID: 0}
  m_GameObject: {fileID: 953057086}
  m_Enabled: 1
--- !u!20 &953057091
Camera:
  m_ObjectHideFlags: 0
  m_PrefabParentObject: {fileID: 0}
  m_PrefabInternal: {fileID: 0}
  m_GameObject: {fileID: 953057086}
  m_Enabled: 1
  serializedVersion: 2
  m_ClearFlags: 1
  m_BackGroundColor: {r: 0, g: 0, b: 0, a: 0}
  m_NormalizedViewPortRect:
    serializedVersion: 2
    x: 0
    y: 0
    width: 1
    height: 1
  near clip plane: 0.3
  far clip plane: 1000
  field of view: 60
  orthographic: 1
  orthographic size: 5
  m_Depth: -1
  m_CullingMask:
    serializedVersion: 2
    m_Bits: 4294967295
  m_RenderingPath: -1
  m_TargetTexture: {fileID: 0}
  m_TargetDisplay: 0
  m_TargetEye: 3
  m_HDR: 1
  m_AllowMSAA: 1
  m_AllowDynamicResolution: 0
  m_ForceIntoRT: 0
  m_OcclusionCulling: 1
  m_StereoConvergence: 10
  m_StereoSeparation: 0.022
--- !u!1001 &971633695
Prefab:
  m_ObjectHideFlags: 0
  serializedVersion: 2
  m_Modification:
    m_TransformParent: {fileID: 2084204198}
    m_Modifications:
    - target: {fileID: 4046901959337332, guid: f7564e367a6072245a626971e714c05f, type: 2}
      propertyPath: m_LocalPosition.x
      value: -1.9348183
      objectReference: {fileID: 0}
    - target: {fileID: 4046901959337332, guid: f7564e367a6072245a626971e714c05f, type: 2}
      propertyPath: m_LocalPosition.y
      value: -6.4135766
      objectReference: {fileID: 0}
    - target: {fileID: 4046901959337332, guid: f7564e367a6072245a626971e714c05f, type: 2}
      propertyPath: m_LocalPosition.z
      value: -3.393767
      objectReference: {fileID: 0}
    - target: {fileID: 4046901959337332, guid: f7564e367a6072245a626971e714c05f, type: 2}
      propertyPath: m_LocalRotation.x
      value: -0
      objectReference: {fileID: 0}
    - target: {fileID: 4046901959337332, guid: f7564e367a6072245a626971e714c05f, type: 2}
      propertyPath: m_LocalRotation.y
      value: -0
      objectReference: {fileID: 0}
    - target: {fileID: 4046901959337332, guid: f7564e367a6072245a626971e714c05f, type: 2}
      propertyPath: m_LocalRotation.z
      value: -0
      objectReference: {fileID: 0}
    - target: {fileID: 4046901959337332, guid: f7564e367a6072245a626971e714c05f, type: 2}
      propertyPath: m_LocalRotation.w
      value: 1
      objectReference: {fileID: 0}
    - target: {fileID: 4046901959337332, guid: f7564e367a6072245a626971e714c05f, type: 2}
      propertyPath: m_RootOrder
      value: 0
      objectReference: {fileID: 0}
    m_RemovedComponents: []
  m_ParentPrefab: {fileID: 100100000, guid: f7564e367a6072245a626971e714c05f, type: 2}
  m_IsPrefabParent: 0
--- !u!4 &1138778208 stripped
Transform:
  m_PrefabParentObject: {fileID: 4046901959337332, guid: f7564e367a6072245a626971e714c05f,
    type: 2}
  m_PrefabInternal: {fileID: 971633695}
--- !u!1 &1163156278
GameObject:
  m_ObjectHideFlags: 0
  m_PrefabParentObject: {fileID: 0}
  m_PrefabInternal: {fileID: 0}
  serializedVersion: 5
  m_Component:
  - component: {fileID: 1163156280}
  - component: {fileID: 1163156279}
  m_Layer: 0
  m_Name: interrupteur
  m_TagString: Untagged
  m_Icon: {fileID: 0}
  m_NavMeshLayer: 0
  m_StaticEditorFlags: 0
  m_IsActive: 1
--- !u!212 &1163156279
SpriteRenderer:
  m_ObjectHideFlags: 0
  m_PrefabParentObject: {fileID: 0}
  m_PrefabInternal: {fileID: 0}
  m_GameObject: {fileID: 1163156278}
  m_Enabled: 1
  m_CastShadows: 0
  m_ReceiveShadows: 0
  m_DynamicOccludee: 1
  m_MotionVectors: 1
  m_LightProbeUsage: 1
  m_ReflectionProbeUsage: 1
  m_Materials:
  - {fileID: 10754, guid: 0000000000000000f000000000000000, type: 0}
  m_StaticBatchInfo:
    firstSubMesh: 0
    subMeshCount: 0
  m_StaticBatchRoot: {fileID: 0}
  m_ProbeAnchor: {fileID: 0}
  m_LightProbeVolumeOverride: {fileID: 0}
  m_ScaleInLightmap: 1
  m_PreserveUVs: 0
  m_IgnoreNormalsForChartDetection: 0
  m_ImportantGI: 0
  m_StitchLightmapSeams: 0
  m_SelectedEditorRenderState: 0
  m_MinimumChartSize: 4
  m_AutoUVMaxDistance: 0.5
  m_AutoUVMaxAngle: 89
  m_LightmapParameters: {fileID: 0}
  m_SortingLayerID: 0
  m_SortingLayer: 0
  m_SortingOrder: 0
  m_Sprite: {fileID: 21300000, guid: 90e85ba339ee4964d8c4b1a9bc05663f, type: 3}
  m_Color: {r: 1, g: 1, b: 1, a: 1}
  m_FlipX: 0
  m_FlipY: 0
  m_DrawMode: 0
  m_Size: {x: 9.04, y: 2.24}
  m_AdaptiveModeThreshold: 0.5
  m_SpriteTileMode: 0
  m_WasSpriteAssigned: 1
  m_MaskInteraction: 0
--- !u!4 &1163156280
Transform:
  m_ObjectHideFlags: 0
  m_PrefabParentObject: {fileID: 0}
  m_PrefabInternal: {fileID: 0}
  m_GameObject: {fileID: 1163156278}
  m_LocalRotation: {x: 0, y: 0, z: 0, w: 1}
  m_LocalPosition: {x: -7.66, y: 10.23, z: 0}
  m_LocalScale: {x: 0.66091895, y: 0.66091895, z: 0.66091895}
  m_Children: []
  m_Father: {fileID: 0}
  m_RootOrder: 16
  m_LocalEulerAnglesHint: {x: 0, y: 0, z: 0}
--- !u!1 &1181766512
GameObject:
  m_ObjectHideFlags: 0
  m_PrefabParentObject: {fileID: 0}
  m_PrefabInternal: {fileID: 0}
  serializedVersion: 5
  m_Component:
  - component: {fileID: 1181766514}
  - component: {fileID: 1181766513}
  m_Layer: 0
  m_Name: reet3
  m_TagString: Untagged
  m_Icon: {fileID: 0}
  m_NavMeshLayer: 0
  m_StaticEditorFlags: 0
  m_IsActive: 1
--- !u!212 &1181766513
SpriteRenderer:
  m_ObjectHideFlags: 0
  m_PrefabParentObject: {fileID: 0}
  m_PrefabInternal: {fileID: 0}
  m_GameObject: {fileID: 1181766512}
  m_Enabled: 1
  m_CastShadows: 0
  m_ReceiveShadows: 0
  m_DynamicOccludee: 1
  m_MotionVectors: 1
  m_LightProbeUsage: 1
  m_ReflectionProbeUsage: 1
  m_Materials:
  - {fileID: 10754, guid: 0000000000000000f000000000000000, type: 0}
  m_StaticBatchInfo:
    firstSubMesh: 0
    subMeshCount: 0
  m_StaticBatchRoot: {fileID: 0}
  m_ProbeAnchor: {fileID: 0}
  m_LightProbeVolumeOverride: {fileID: 0}
  m_ScaleInLightmap: 1
  m_PreserveUVs: 0
  m_IgnoreNormalsForChartDetection: 0
  m_ImportantGI: 0
  m_StitchLightmapSeams: 0
  m_SelectedEditorRenderState: 0
  m_MinimumChartSize: 4
  m_AutoUVMaxDistance: 0.5
  m_AutoUVMaxAngle: 89
  m_LightmapParameters: {fileID: 0}
  m_SortingLayerID: 0
  m_SortingLayer: 0
  m_SortingOrder: 0
  m_Sprite: {fileID: 21300000, guid: 2252db1e996552649a1bc36895624f17, type: 3}
  m_Color: {r: 1, g: 1, b: 1, a: 1}
  m_FlipX: 0
  m_FlipY: 0
  m_DrawMode: 0
  m_Size: {x: 4.6, y: 1.04}
  m_AdaptiveModeThreshold: 0.5
  m_SpriteTileMode: 0
  m_WasSpriteAssigned: 1
  m_MaskInteraction: 0
--- !u!4 &1181766514
Transform:
  m_ObjectHideFlags: 0
  m_PrefabParentObject: {fileID: 0}
  m_PrefabInternal: {fileID: 0}
  m_GameObject: {fileID: 1181766512}
  m_LocalRotation: {x: 0, y: 0, z: 0, w: 1}
  m_LocalPosition: {x: 2.16, y: 10.25, z: 0}
  m_LocalScale: {x: 1.4534693, y: 1.4534693, z: 1.4534693}
  m_Children: []
  m_Father: {fileID: 0}
  m_RootOrder: 19
  m_LocalEulerAnglesHint: {x: 0, y: 0, z: 0}
--- !u!4 &1226218453 stripped
Transform:
  m_PrefabParentObject: {fileID: 4046901959337332, guid: f7564e367a6072245a626971e714c05f,
    type: 2}
  m_PrefabInternal: {fileID: 1598668748}
--- !u!1001 &1342008859
Prefab:
  m_ObjectHideFlags: 0
  serializedVersion: 2
  m_Modification:
    m_TransformParent: {fileID: 2084204198}
    m_Modifications:
    - target: {fileID: 4046901959337332, guid: f7564e367a6072245a626971e714c05f, type: 2}
      propertyPath: m_LocalPosition.x
      value: -12.170483
      objectReference: {fileID: 0}
    - target: {fileID: 4046901959337332, guid: f7564e367a6072245a626971e714c05f, type: 2}
      propertyPath: m_LocalPosition.y
      value: 1.2583241
      objectReference: {fileID: 0}
    - target: {fileID: 4046901959337332, guid: f7564e367a6072245a626971e714c05f, type: 2}
      propertyPath: m_LocalPosition.z
      value: -3.393767
      objectReference: {fileID: 0}
    - target: {fileID: 4046901959337332, guid: f7564e367a6072245a626971e714c05f, type: 2}
      propertyPath: m_LocalRotation.x
      value: -0
      objectReference: {fileID: 0}
    - target: {fileID: 4046901959337332, guid: f7564e367a6072245a626971e714c05f, type: 2}
      propertyPath: m_LocalRotation.y
      value: -0
      objectReference: {fileID: 0}
    - target: {fileID: 4046901959337332, guid: f7564e367a6072245a626971e714c05f, type: 2}
      propertyPath: m_LocalRotation.z
      value: -0
      objectReference: {fileID: 0}
    - target: {fileID: 4046901959337332, guid: f7564e367a6072245a626971e714c05f, type: 2}
      propertyPath: m_LocalRotation.w
      value: 1
      objectReference: {fileID: 0}
    - target: {fileID: 4046901959337332, guid: f7564e367a6072245a626971e714c05f, type: 2}
      propertyPath: m_RootOrder
      value: 6
      objectReference: {fileID: 0}
    - target: {fileID: 1158203548560396, guid: f7564e367a6072245a626971e714c05f, type: 2}
      propertyPath: m_Name
      value: crate 1 (2)
      objectReference: {fileID: 0}
    m_RemovedComponents: []
  m_ParentPrefab: {fileID: 100100000, guid: f7564e367a6072245a626971e714c05f, type: 2}
  m_IsPrefabParent: 0
--- !u!1001 &1387795152
Prefab:
  m_ObjectHideFlags: 0
  serializedVersion: 2
  m_Modification:
    m_TransformParent: {fileID: 2084204198}
    m_Modifications:
    - target: {fileID: 4487357537033022, guid: 8bde41514cdc2ed48a199137e277f057, type: 2}
      propertyPath: m_LocalPosition.x
      value: -13.528791
      objectReference: {fileID: 0}
    - target: {fileID: 4487357537033022, guid: 8bde41514cdc2ed48a199137e277f057, type: 2}
      propertyPath: m_LocalPosition.y
      value: -6.3980165
      objectReference: {fileID: 0}
    - target: {fileID: 4487357537033022, guid: 8bde41514cdc2ed48a199137e277f057, type: 2}
      propertyPath: m_LocalPosition.z
      value: -3.393767
      objectReference: {fileID: 0}
    - target: {fileID: 4487357537033022, guid: 8bde41514cdc2ed48a199137e277f057, type: 2}
      propertyPath: m_LocalRotation.x
      value: -0
      objectReference: {fileID: 0}
    - target: {fileID: 4487357537033022, guid: 8bde41514cdc2ed48a199137e277f057, type: 2}
      propertyPath: m_LocalRotation.y
      value: -0
      objectReference: {fileID: 0}
    - target: {fileID: 4487357537033022, guid: 8bde41514cdc2ed48a199137e277f057, type: 2}
      propertyPath: m_LocalRotation.z
      value: -0
      objectReference: {fileID: 0}
    - target: {fileID: 4487357537033022, guid: 8bde41514cdc2ed48a199137e277f057, type: 2}
      propertyPath: m_LocalRotation.w
      value: 1
      objectReference: {fileID: 0}
    - target: {fileID: 4487357537033022, guid: 8bde41514cdc2ed48a199137e277f057, type: 2}
      propertyPath: m_RootOrder
      value: 2
      objectReference: {fileID: 0}
    m_RemovedComponents: []
  m_ParentPrefab: {fileID: 100100000, guid: 8bde41514cdc2ed48a199137e277f057, type: 2}
  m_IsPrefabParent: 0
--- !u!1001 &1427921317
Prefab:
  m_ObjectHideFlags: 0
  serializedVersion: 2
  m_Modification:
    m_TransformParent: {fileID: 0}
    m_Modifications:
    - target: {fileID: 4025823326912376, guid: 08ee6dca9b6a8fd4f9569d8ea125cd6d, type: 2}
      propertyPath: m_LocalPosition.x
      value: 8.81
      objectReference: {fileID: 0}
    - target: {fileID: 4025823326912376, guid: 08ee6dca9b6a8fd4f9569d8ea125cd6d, type: 2}
      propertyPath: m_LocalPosition.y
      value: -1.2
      objectReference: {fileID: 0}
    - target: {fileID: 4025823326912376, guid: 08ee6dca9b6a8fd4f9569d8ea125cd6d, type: 2}
      propertyPath: m_LocalPosition.z
      value: 1
      objectReference: {fileID: 0}
    - target: {fileID: 4025823326912376, guid: 08ee6dca9b6a8fd4f9569d8ea125cd6d, type: 2}
      propertyPath: m_LocalRotation.x
      value: 0
      objectReference: {fileID: 0}
    - target: {fileID: 4025823326912376, guid: 08ee6dca9b6a8fd4f9569d8ea125cd6d, type: 2}
      propertyPath: m_LocalRotation.y
      value: 0
      objectReference: {fileID: 0}
    - target: {fileID: 4025823326912376, guid: 08ee6dca9b6a8fd4f9569d8ea125cd6d, type: 2}
      propertyPath: m_LocalRotation.z
      value: 0.7071068
      objectReference: {fileID: 0}
    - target: {fileID: 4025823326912376, guid: 08ee6dca9b6a8fd4f9569d8ea125cd6d, type: 2}
      propertyPath: m_LocalRotation.w
      value: 0.7071068
      objectReference: {fileID: 0}
    - target: {fileID: 4025823326912376, guid: 08ee6dca9b6a8fd4f9569d8ea125cd6d, type: 2}
      propertyPath: m_RootOrder
      value: 7
      objectReference: {fileID: 0}
    - target: {fileID: 1698789097638798, guid: 08ee6dca9b6a8fd4f9569d8ea125cd6d, type: 2}
      propertyPath: m_Name
      value: Entrance
      objectReference: {fileID: 0}
    - target: {fileID: 61481645645786720, guid: 08ee6dca9b6a8fd4f9569d8ea125cd6d,
        type: 2}
      propertyPath: m_Offset.x
      value: 0.006526947
      objectReference: {fileID: 0}
    - target: {fileID: 61481645645786720, guid: 08ee6dca9b6a8fd4f9569d8ea125cd6d,
        type: 2}
      propertyPath: m_Size.x
      value: 2.5510573
      objectReference: {fileID: 0}
    - target: {fileID: 61481645645786720, guid: 08ee6dca9b6a8fd4f9569d8ea125cd6d,
        type: 2}
      propertyPath: m_Offset.y
      value: -0.20844841
      objectReference: {fileID: 0}
    - target: {fileID: 61481645645786720, guid: 08ee6dca9b6a8fd4f9569d8ea125cd6d,
        type: 2}
      propertyPath: m_Size.y
      value: 1.1192627
      objectReference: {fileID: 0}
    - target: {fileID: 114371758934900954, guid: 08ee6dca9b6a8fd4f9569d8ea125cd6d,
        type: 2}
      propertyPath: scene
      value: demo_accueil
      objectReference: {fileID: 0}
    - target: {fileID: 4025823326912376, guid: 08ee6dca9b6a8fd4f9569d8ea125cd6d, type: 2}
      propertyPath: m_LocalScale.x
      value: 1.4455659
      objectReference: {fileID: 0}
    - target: {fileID: 61481645645786720, guid: 08ee6dca9b6a8fd4f9569d8ea125cd6d,
        type: 2}
      propertyPath: m_SpriteTilingProperty.pivot.x
      value: 0.5
      objectReference: {fileID: 0}
    - target: {fileID: 61481645645786720, guid: 08ee6dca9b6a8fd4f9569d8ea125cd6d,
        type: 2}
      propertyPath: m_SpriteTilingProperty.pivot.y
      value: 0.5
      objectReference: {fileID: 0}
    - target: {fileID: 61481645645786720, guid: 08ee6dca9b6a8fd4f9569d8ea125cd6d,
        type: 2}
      propertyPath: m_SpriteTilingProperty.oldSize.x
      value: 2.56
      objectReference: {fileID: 0}
    - target: {fileID: 61481645645786720, guid: 08ee6dca9b6a8fd4f9569d8ea125cd6d,
        type: 2}
      propertyPath: m_SpriteTilingProperty.oldSize.y
      value: 1.76
      objectReference: {fileID: 0}
    - target: {fileID: 61481645645786720, guid: 08ee6dca9b6a8fd4f9569d8ea125cd6d,
        type: 2}
      propertyPath: m_SpriteTilingProperty.newSize.x
      value: 2.56
      objectReference: {fileID: 0}
    - target: {fileID: 61481645645786720, guid: 08ee6dca9b6a8fd4f9569d8ea125cd6d,
        type: 2}
      propertyPath: m_SpriteTilingProperty.newSize.y
      value: 1.76
      objectReference: {fileID: 0}
    - target: {fileID: 61481645645786720, guid: 08ee6dca9b6a8fd4f9569d8ea125cd6d,
        type: 2}
      propertyPath: m_SpriteTilingProperty.adaptiveTilingThreshold
      value: 0.5
      objectReference: {fileID: 0}
    - target: {fileID: 1698789097638798, guid: 08ee6dca9b6a8fd4f9569d8ea125cd6d, type: 2}
      propertyPath: m_Layer
      value: 2
      objectReference: {fileID: 0}
    - target: {fileID: 4025823326912376, guid: 08ee6dca9b6a8fd4f9569d8ea125cd6d, type: 2}
      propertyPath: m_LocalEulerAnglesHint.y
      value: 0
      objectReference: {fileID: 0}
    - target: {fileID: 4025823326912376, guid: 08ee6dca9b6a8fd4f9569d8ea125cd6d, type: 2}
      propertyPath: m_LocalEulerAnglesHint.z
      value: 90
      objectReference: {fileID: 0}
    m_RemovedComponents: []
  m_ParentPrefab: {fileID: 100100000, guid: 08ee6dca9b6a8fd4f9569d8ea125cd6d, type: 2}
  m_IsPrefabParent: 0
--- !u!1 &1427921318 stripped
GameObject:
  m_PrefabParentObject: {fileID: 1698789097638798, guid: 08ee6dca9b6a8fd4f9569d8ea125cd6d,
    type: 2}
  m_PrefabInternal: {fileID: 1427921317}
--- !u!212 &1427921319
SpriteRenderer:
  m_ObjectHideFlags: 0
  m_PrefabParentObject: {fileID: 0}
  m_PrefabInternal: {fileID: 0}
  m_GameObject: {fileID: 1427921318}
  m_Enabled: 1
  m_CastShadows: 0
  m_ReceiveShadows: 0
  m_DynamicOccludee: 1
  m_MotionVectors: 1
  m_LightProbeUsage: 1
  m_ReflectionProbeUsage: 1
  m_Materials:
  - {fileID: 10754, guid: 0000000000000000f000000000000000, type: 0}
  m_StaticBatchInfo:
    firstSubMesh: 0
    subMeshCount: 0
  m_StaticBatchRoot: {fileID: 0}
  m_ProbeAnchor: {fileID: 0}
  m_LightProbeVolumeOverride: {fileID: 0}
  m_ScaleInLightmap: 1
  m_PreserveUVs: 0
  m_IgnoreNormalsForChartDetection: 0
  m_ImportantGI: 0
  m_StitchLightmapSeams: 0
  m_SelectedEditorRenderState: 0
  m_MinimumChartSize: 4
  m_AutoUVMaxDistance: 0.5
  m_AutoUVMaxAngle: 89
  m_LightmapParameters: {fileID: 0}
  m_SortingLayerID: 0
  m_SortingLayer: 0
  m_SortingOrder: 0
  m_Sprite: {fileID: 21300000, guid: d36202537a2ba564c989e0ec6d5e9215, type: 3}
  m_Color: {r: 1, g: 1, b: 1, a: 1}
  m_FlipX: 0
  m_FlipY: 0
  m_DrawMode: 0
  m_Size: {x: 2.56, y: 1.76}
  m_AdaptiveModeThreshold: 0.5
  m_SpriteTileMode: 0
  m_WasSpriteAssigned: 1
  m_MaskInteraction: 0
--- !u!1 &1569463603 stripped
GameObject:
  m_PrefabParentObject: {fileID: 1653949365415136, guid: b0f3839ffbb9d87468646ab7bb56766e,
    type: 2}
  m_PrefabInternal: {fileID: 1679216322}
--- !u!1 &1572315106
GameObject:
  m_ObjectHideFlags: 0
  m_PrefabParentObject: {fileID: 0}
  m_PrefabInternal: {fileID: 0}
  serializedVersion: 5
  m_Component:
  - component: {fileID: 1572315107}
  m_Layer: 0
  m_Name: Common
  m_TagString: Untagged
  m_Icon: {fileID: 0}
  m_NavMeshLayer: 0
  m_StaticEditorFlags: 0
  m_IsActive: 1
--- !u!4 &1572315107
Transform:
  m_ObjectHideFlags: 0
  m_PrefabParentObject: {fileID: 0}
  m_PrefabInternal: {fileID: 0}
  m_GameObject: {fileID: 1572315106}
  m_LocalRotation: {x: 0, y: 0, z: 0, w: 1}
  m_LocalPosition: {x: -1.0028574, y: -1.2268384, z: 0.0126915155}
  m_LocalScale: {x: 1, y: 1, z: 1}
  m_Children:
  - {fileID: 953057087}
  - {fileID: 2130225746}
  - {fileID: 2097585931}
  - {fileID: 472865763}
  m_Father: {fileID: 0}
  m_RootOrder: 17
  m_LocalEulerAnglesHint: {x: 0, y: 0, z: 0}
--- !u!4 &1581176522 stripped
Transform:
  m_PrefabParentObject: {fileID: 4065349263463696, guid: fdbe29fe2d2f84644a0fe71358919c5d,
    type: 2}
  m_PrefabInternal: {fileID: 1887279391}
--- !u!1001 &1598668748
Prefab:
  m_ObjectHideFlags: 0
  serializedVersion: 2
  m_Modification:
    m_TransformParent: {fileID: 2084204198}
    m_Modifications:
    - target: {fileID: 4046901959337332, guid: f7564e367a6072245a626971e714c05f, type: 2}
      propertyPath: m_LocalPosition.x
      value: -12.170483
      objectReference: {fileID: 0}
    - target: {fileID: 4046901959337332, guid: f7564e367a6072245a626971e714c05f, type: 2}
      propertyPath: m_LocalPosition.y
      value: -0.036038876
      objectReference: {fileID: 0}
    - target: {fileID: 4046901959337332, guid: f7564e367a6072245a626971e714c05f, type: 2}
      propertyPath: m_LocalPosition.z
      value: -3.393767
      objectReference: {fileID: 0}
    - target: {fileID: 4046901959337332, guid: f7564e367a6072245a626971e714c05f, type: 2}
      propertyPath: m_LocalRotation.x
      value: -0
      objectReference: {fileID: 0}
    - target: {fileID: 4046901959337332, guid: f7564e367a6072245a626971e714c05f, type: 2}
      propertyPath: m_LocalRotation.y
      value: -0
      objectReference: {fileID: 0}
    - target: {fileID: 4046901959337332, guid: f7564e367a6072245a626971e714c05f, type: 2}
      propertyPath: m_LocalRotation.z
      value: -0
      objectReference: {fileID: 0}
    - target: {fileID: 4046901959337332, guid: f7564e367a6072245a626971e714c05f, type: 2}
      propertyPath: m_LocalRotation.w
      value: 1
      objectReference: {fileID: 0}
    - target: {fileID: 4046901959337332, guid: f7564e367a6072245a626971e714c05f, type: 2}
      propertyPath: m_RootOrder
      value: 3
      objectReference: {fileID: 0}
    - target: {fileID: 1158203548560396, guid: f7564e367a6072245a626971e714c05f, type: 2}
      propertyPath: m_Name
      value: crate 1 (3)
      objectReference: {fileID: 0}
    m_RemovedComponents: []
  m_ParentPrefab: {fileID: 100100000, guid: f7564e367a6072245a626971e714c05f, type: 2}
  m_IsPrefabParent: 0
--- !u!1001 &1656830802
Prefab:
  m_ObjectHideFlags: 0
  serializedVersion: 2
  m_Modification:
    m_TransformParent: {fileID: 2084204198}
    m_Modifications:
    - target: {fileID: 4046901959337332, guid: f7564e367a6072245a626971e714c05f, type: 2}
      propertyPath: m_LocalPosition.x
      value: -12.170483
      objectReference: {fileID: 0}
    - target: {fileID: 4046901959337332, guid: f7564e367a6072245a626971e714c05f, type: 2}
      propertyPath: m_LocalPosition.y
      value: 2.56425
      objectReference: {fileID: 0}
    - target: {fileID: 4046901959337332, guid: f7564e367a6072245a626971e714c05f, type: 2}
      propertyPath: m_LocalPosition.z
      value: -3.393767
      objectReference: {fileID: 0}
    - target: {fileID: 4046901959337332, guid: f7564e367a6072245a626971e714c05f, type: 2}
      propertyPath: m_LocalRotation.x
      value: -0
      objectReference: {fileID: 0}
    - target: {fileID: 4046901959337332, guid: f7564e367a6072245a626971e714c05f, type: 2}
      propertyPath: m_LocalRotation.y
      value: -0
      objectReference: {fileID: 0}
    - target: {fileID: 4046901959337332, guid: f7564e367a6072245a626971e714c05f, type: 2}
      propertyPath: m_LocalRotation.z
      value: -0
      objectReference: {fileID: 0}
    - target: {fileID: 4046901959337332, guid: f7564e367a6072245a626971e714c05f, type: 2}
      propertyPath: m_LocalRotation.w
      value: 1
      objectReference: {fileID: 0}
    - target: {fileID: 4046901959337332, guid: f7564e367a6072245a626971e714c05f, type: 2}
      propertyPath: m_RootOrder
      value: 4
      objectReference: {fileID: 0}
    - target: {fileID: 1158203548560396, guid: f7564e367a6072245a626971e714c05f, type: 2}
      propertyPath: m_Name
      value: crate 1 (1)
      objectReference: {fileID: 0}
    m_RemovedComponents: []
  m_ParentPrefab: {fileID: 100100000, guid: f7564e367a6072245a626971e714c05f, type: 2}
  m_IsPrefabParent: 0
--- !u!1001 &1679216322
Prefab:
  m_ObjectHideFlags: 0
  serializedVersion: 2
  m_Modification:
    m_TransformParent: {fileID: 0}
    m_Modifications:
    - target: {fileID: 4067880209342190, guid: b0f3839ffbb9d87468646ab7bb56766e, type: 2}
      propertyPath: m_LocalPosition.x
      value: -4.4117117
      objectReference: {fileID: 0}
    - target: {fileID: 4067880209342190, guid: b0f3839ffbb9d87468646ab7bb56766e, type: 2}
      propertyPath: m_LocalPosition.y
      value: 6.4700003
      objectReference: {fileID: 0}
    - target: {fileID: 4067880209342190, guid: b0f3839ffbb9d87468646ab7bb56766e, type: 2}
      propertyPath: m_LocalPosition.z
      value: 0
      objectReference: {fileID: 0}
    - target: {fileID: 4067880209342190, guid: b0f3839ffbb9d87468646ab7bb56766e, type: 2}
      propertyPath: m_LocalRotation.x
      value: 0
      objectReference: {fileID: 0}
    - target: {fileID: 4067880209342190, guid: b0f3839ffbb9d87468646ab7bb56766e, type: 2}
      propertyPath: m_LocalRotation.y
      value: 0
      objectReference: {fileID: 0}
    - target: {fileID: 4067880209342190, guid: b0f3839ffbb9d87468646ab7bb56766e, type: 2}
      propertyPath: m_LocalRotation.z
      value: -0.7071068
      objectReference: {fileID: 0}
    - target: {fileID: 4067880209342190, guid: b0f3839ffbb9d87468646ab7bb56766e, type: 2}
      propertyPath: m_LocalRotation.w
      value: 0.7071068
      objectReference: {fileID: 0}
    - target: {fileID: 4067880209342190, guid: b0f3839ffbb9d87468646ab7bb56766e, type: 2}
      propertyPath: m_RootOrder
      value: 2
      objectReference: {fileID: 0}
    - target: {fileID: 4067880209342190, guid: b0f3839ffbb9d87468646ab7bb56766e, type: 2}
      propertyPath: m_LocalEulerAnglesHint.z
      value: -90
      objectReference: {fileID: 0}
    m_RemovedComponents: []
  m_ParentPrefab: {fileID: 100100000, guid: b0f3839ffbb9d87468646ab7bb56766e, type: 2}
  m_IsPrefabParent: 0
--- !u!1 &1686364748
GameObject:
  m_ObjectHideFlags: 0
  m_PrefabParentObject: {fileID: 0}
  m_PrefabInternal: {fileID: 0}
  serializedVersion: 5
  m_Component:
  - component: {fileID: 1686364750}
  - component: {fileID: 1686364749}
  m_Layer: 0
  m_Name: pousseur3
  m_TagString: Untagged
  m_Icon: {fileID: 0}
  m_NavMeshLayer: 0
  m_StaticEditorFlags: 0
  m_IsActive: 1
--- !u!212 &1686364749
SpriteRenderer:
  m_ObjectHideFlags: 0
  m_PrefabParentObject: {fileID: 0}
  m_PrefabInternal: {fileID: 0}
  m_GameObject: {fileID: 1686364748}
  m_Enabled: 1
  m_CastShadows: 0
  m_ReceiveShadows: 0
  m_DynamicOccludee: 1
  m_MotionVectors: 1
  m_LightProbeUsage: 1
  m_ReflectionProbeUsage: 1
  m_Materials:
  - {fileID: 10754, guid: 0000000000000000f000000000000000, type: 0}
  m_StaticBatchInfo:
    firstSubMesh: 0
    subMeshCount: 0
  m_StaticBatchRoot: {fileID: 0}
  m_ProbeAnchor: {fileID: 0}
  m_LightProbeVolumeOverride: {fileID: 0}
  m_ScaleInLightmap: 1
  m_PreserveUVs: 0
  m_IgnoreNormalsForChartDetection: 0
  m_ImportantGI: 0
  m_StitchLightmapSeams: 0
  m_SelectedEditorRenderState: 0
  m_MinimumChartSize: 4
  m_AutoUVMaxDistance: 0.5
  m_AutoUVMaxAngle: 89
  m_LightmapParameters: {fileID: 0}
  m_SortingLayerID: 0
  m_SortingLayer: 0
  m_SortingOrder: 0
  m_Sprite: {fileID: 21300000, guid: d7a5a9518321ac647aa297b6f9f6cfd8, type: 3}
  m_Color: {r: 1, g: 1, b: 1, a: 1}
  m_FlipX: 0
  m_FlipY: 0
  m_DrawMode: 0
  m_Size: {x: 10.08, y: 2.6}
  m_AdaptiveModeThreshold: 0.5
  m_SpriteTileMode: 0
  m_WasSpriteAssigned: 1
  m_MaskInteraction: 0
--- !u!4 &1686364750
Transform:
  m_ObjectHideFlags: 0
  m_PrefabParentObject: {fileID: 0}
  m_PrefabInternal: {fileID: 0}
  m_GameObject: {fileID: 1686364748}
  m_LocalRotation: {x: 0, y: 0, z: 0, w: 1}
  m_LocalPosition: {x: 0.62, y: 2.59, z: 0}
  m_LocalScale: {x: 0.72358227, y: 0.72358227, z: 0.72358227}
  m_Children: []
  m_Father: {fileID: 0}
  m_RootOrder: 13
  m_LocalEulerAnglesHint: {x: 0, y: 0, z: 0}
--- !u!1 &1705273994
GameObject:
  m_ObjectHideFlags: 0
  m_PrefabParentObject: {fileID: 0}
  m_PrefabInternal: {fileID: 0}
  serializedVersion: 5
  m_Component:
  - component: {fileID: 1705273995}
  - component: {fileID: 1705273998}
  - component: {fileID: 1705273997}
  - component: {fileID: 1705273996}
  m_Layer: 5
  m_Name: F0
  m_TagString: Untagged
  m_Icon: {fileID: 0}
  m_NavMeshLayer: 0
  m_StaticEditorFlags: 0
  m_IsActive: 1
--- !u!4 &1705273995
Transform:
  m_ObjectHideFlags: 0
  m_PrefabParentObject: {fileID: 0}
  m_PrefabInternal: {fileID: 0}
  m_GameObject: {fileID: 1705273994}
  m_LocalRotation: {x: -0, y: -0, z: -0, w: 1}
  m_LocalPosition: {x: -0.9981242, y: -8.39572, z: -1.9734752}
  m_LocalScale: {x: 0.2, y: 0.2, z: 1}
  m_Children: []
  m_Father: {fileID: 472865763}
  m_RootOrder: 0
  m_LocalEulerAnglesHint: {x: 0, y: 0, z: 0}
--- !u!114 &1705273996
MonoBehaviour:
  m_ObjectHideFlags: 0
  m_PrefabParentObject: {fileID: 0}
  m_PrefabInternal: {fileID: 0}
  m_GameObject: {fileID: 1705273994}
  m_Enabled: 1
  m_EditorHideFlags: 0
  m_Script: {fileID: 11500000, guid: eab4e1c16a6def54295f04eb2f2dfe2c, type: 3}
  m_Name: 
  m_EditorClassIdentifier: 
  maxSpeed: {x: 3, y: 3}
  folow: player 1
  myPos: {x: -4.1782117, y: -1.1842332, z: 9.42338}
  skins: []
  followed: {fileID: 0}
--- !u!61 &1705273997
BoxCollider2D:
  m_ObjectHideFlags: 0
  m_PrefabParentObject: {fileID: 0}
  m_PrefabInternal: {fileID: 0}
  m_GameObject: {fileID: 1705273994}
  m_Enabled: 1
  m_Density: 1
  m_Material: {fileID: 0}
  m_IsTrigger: 0
  m_UsedByEffector: 0
  m_UsedByComposite: 0
  m_Offset: {x: 0, y: 0}
  m_SpriteTilingProperty:
    border: {x: 0, y: 0, z: 0, w: 0}
    pivot: {x: 0.5, y: 0.5}
    oldSize: {x: 3.45, y: 3.15}
    newSize: {x: 1.28, y: 1.28}
    adaptiveTilingThreshold: 0.5
    drawMode: 0
    adaptiveTiling: 0
  m_AutoTiling: 0
  serializedVersion: 2
  m_Size: {x: 0.0001, y: 0.0001}
  m_EdgeRadius: 0
--- !u!212 &1705273998
SpriteRenderer:
  m_ObjectHideFlags: 0
  m_PrefabParentObject: {fileID: 0}
  m_PrefabInternal: {fileID: 0}
  m_GameObject: {fileID: 1705273994}
  m_Enabled: 1
  m_CastShadows: 0
  m_ReceiveShadows: 0
  m_DynamicOccludee: 1
  m_MotionVectors: 1
  m_LightProbeUsage: 1
  m_ReflectionProbeUsage: 1
  m_Materials:
  - {fileID: 10754, guid: 0000000000000000f000000000000000, type: 0}
  m_StaticBatchInfo:
    firstSubMesh: 0
    subMeshCount: 0
  m_StaticBatchRoot: {fileID: 0}
  m_ProbeAnchor: {fileID: 0}
  m_LightProbeVolumeOverride: {fileID: 0}
  m_ScaleInLightmap: 1
  m_PreserveUVs: 0
  m_IgnoreNormalsForChartDetection: 0
  m_ImportantGI: 0
  m_StitchLightmapSeams: 0
  m_SelectedEditorRenderState: 0
  m_MinimumChartSize: 4
  m_AutoUVMaxDistance: 0.5
  m_AutoUVMaxAngle: 89
  m_LightmapParameters: {fileID: 0}
  m_SortingLayerID: 847847437
  m_SortingLayer: 1
  m_SortingOrder: 0
  m_Sprite: {fileID: 21300000, guid: 35520a236fee8c84e903e6132e22e97f, type: 3}
  m_Color: {r: 1, g: 1, b: 1, a: 1}
  m_FlipX: 0
  m_FlipY: 0
  m_DrawMode: 0
  m_Size: {x: 1.28, y: 1.28}
  m_AdaptiveModeThreshold: 0.5
  m_SpriteTileMode: 0
  m_WasSpriteAssigned: 1
  m_MaskInteraction: 0
--- !u!1 &1724819337
GameObject:
  m_ObjectHideFlags: 0
  m_PrefabParentObject: {fileID: 0}
  m_PrefabInternal: {fileID: 0}
  serializedVersion: 5
  m_Component:
  - component: {fileID: 1724819338}
  - component: {fileID: 1724819339}
  m_Layer: 0
  m_Name: bulle (2)
  m_TagString: Untagged
  m_Icon: {fileID: 0}
  m_NavMeshLayer: 0
  m_StaticEditorFlags: 0
  m_IsActive: 1
--- !u!4 &1724819338
Transform:
  m_ObjectHideFlags: 0
  m_PrefabParentObject: {fileID: 0}
  m_PrefabInternal: {fileID: 0}
  m_GameObject: {fileID: 1724819337}
  m_LocalRotation: {x: -0, y: -0, z: -0, w: 1}
  m_LocalPosition: {x: -3.33, y: 5, z: 5}
  m_LocalScale: {x: 3.5804956, y: 2.79574, z: 1}
  m_Children: []
  m_Father: {fileID: 468351016}
  m_RootOrder: 2
  m_LocalEulerAnglesHint: {x: 0, y: 0, z: 0}
--- !u!212 &1724819339
SpriteRenderer:
  m_ObjectHideFlags: 0
  m_PrefabParentObject: {fileID: 0}
  m_PrefabInternal: {fileID: 0}
  m_GameObject: {fileID: 1724819337}
  m_Enabled: 1
  m_CastShadows: 0
  m_ReceiveShadows: 0
  m_DynamicOccludee: 1
  m_MotionVectors: 1
  m_LightProbeUsage: 1
  m_ReflectionProbeUsage: 1
  m_Materials:
  - {fileID: 10754, guid: 0000000000000000f000000000000000, type: 0}
  m_StaticBatchInfo:
    firstSubMesh: 0
    subMeshCount: 0
  m_StaticBatchRoot: {fileID: 0}
  m_ProbeAnchor: {fileID: 0}
  m_LightProbeVolumeOverride: {fileID: 0}
  m_ScaleInLightmap: 1
  m_PreserveUVs: 0
  m_IgnoreNormalsForChartDetection: 0
  m_ImportantGI: 0
  m_StitchLightmapSeams: 0
  m_SelectedEditorRenderState: 0
  m_MinimumChartSize: 4
  m_AutoUVMaxDistance: 0.5
  m_AutoUVMaxAngle: 89
  m_LightmapParameters: {fileID: 0}
  m_SortingLayerID: -126229679
  m_SortingLayer: -1
  m_SortingOrder: 3
  m_Sprite: {fileID: 21300000, guid: d842e880035ea644599fe688a926f696, type: 3}
  m_Color: {r: 1, g: 1, b: 1, a: 1}
  m_FlipX: 0
  m_FlipY: 0
  m_DrawMode: 0
  m_Size: {x: 2.56, y: 1.28}
  m_AdaptiveModeThreshold: 0.5
  m_SpriteTileMode: 0
  m_WasSpriteAssigned: 1
  m_MaskInteraction: 0
--- !u!1 &1729450750
GameObject:
  m_ObjectHideFlags: 0
  m_PrefabParentObject: {fileID: 0}
  m_PrefabInternal: {fileID: 0}
  serializedVersion: 5
  m_Component:
  - component: {fileID: 1729450752}
  - component: {fileID: 1729450751}
  m_Layer: 0
  m_Name: buttonstouchs_1
  m_TagString: Untagged
  m_Icon: {fileID: 0}
  m_NavMeshLayer: 0
  m_StaticEditorFlags: 0
  m_IsActive: 1
--- !u!212 &1729450751
SpriteRenderer:
  m_ObjectHideFlags: 0
  m_PrefabParentObject: {fileID: 0}
  m_PrefabInternal: {fileID: 0}
  m_GameObject: {fileID: 1729450750}
  m_Enabled: 1
  m_CastShadows: 0
  m_ReceiveShadows: 0
  m_DynamicOccludee: 1
  m_MotionVectors: 1
  m_LightProbeUsage: 1
  m_ReflectionProbeUsage: 1
  m_Materials:
  - {fileID: 10754, guid: 0000000000000000f000000000000000, type: 0}
  m_StaticBatchInfo:
    firstSubMesh: 0
    subMeshCount: 0
  m_StaticBatchRoot: {fileID: 0}
  m_ProbeAnchor: {fileID: 0}
  m_LightProbeVolumeOverride: {fileID: 0}
  m_ScaleInLightmap: 1
  m_PreserveUVs: 0
  m_IgnoreNormalsForChartDetection: 0
  m_ImportantGI: 0
  m_StitchLightmapSeams: 0
  m_SelectedEditorRenderState: 0
  m_MinimumChartSize: 4
  m_AutoUVMaxDistance: 0.5
  m_AutoUVMaxAngle: 89
  m_LightmapParameters: {fileID: 0}
  m_SortingLayerID: 847847437
  m_SortingLayer: 1
  m_SortingOrder: 0
  m_Sprite: {fileID: 21300002, guid: fe754b1a27c3feb49ac4cf6d7a0020c9, type: 3}
  m_Color: {r: 1, g: 1, b: 1, a: 1}
  m_FlipX: 0
  m_FlipY: 0
  m_DrawMode: 0
  m_Size: {x: 1.87, y: 1.74}
  m_AdaptiveModeThreshold: 0.5
  m_SpriteTileMode: 0
  m_WasSpriteAssigned: 1
  m_MaskInteraction: 0
--- !u!4 &1729450752
Transform:
  m_ObjectHideFlags: 0
  m_PrefabParentObject: {fileID: 0}
  m_PrefabInternal: {fileID: 0}
  m_GameObject: {fileID: 1729450750}
  m_LocalRotation: {x: 0, y: 0, z: 0, w: 1}
  m_LocalPosition: {x: 1.65, y: 3.2, z: 0}
  m_LocalScale: {x: 0.77593064, y: 0.77593064, z: 0.77593064}
  m_Children: []
  m_Father: {fileID: 0}
  m_RootOrder: 20
  m_LocalEulerAnglesHint: {x: 0, y: 0, z: 0}
--- !u!1 &1757746043
GameObject:
  m_ObjectHideFlags: 0
  m_PrefabParentObject: {fileID: 0}
  m_PrefabInternal: {fileID: 0}
  serializedVersion: 5
  m_Component:
  - component: {fileID: 1757746044}
  - component: {fileID: 1757746045}
  m_Layer: 0
  m_Name: bulle (3)
  m_TagString: Untagged
  m_Icon: {fileID: 0}
  m_NavMeshLayer: 0
  m_StaticEditorFlags: 0
  m_IsActive: 1
--- !u!4 &1757746044
Transform:
  m_ObjectHideFlags: 0
  m_PrefabParentObject: {fileID: 0}
  m_PrefabInternal: {fileID: 0}
  m_GameObject: {fileID: 1757746043}
  m_LocalRotation: {x: -0, y: -0, z: -0, w: 1}
  m_LocalPosition: {x: -12.91, y: 5.21, z: 5}
  m_LocalScale: {x: 3.45733, y: 2.79574, z: 1}
  m_Children: []
  m_Father: {fileID: 468351016}
  m_RootOrder: 3
  m_LocalEulerAnglesHint: {x: 0, y: 0, z: 0}
--- !u!212 &1757746045
SpriteRenderer:
  m_ObjectHideFlags: 0
  m_PrefabParentObject: {fileID: 0}
  m_PrefabInternal: {fileID: 0}
  m_GameObject: {fileID: 1757746043}
  m_Enabled: 1
  m_CastShadows: 0
  m_ReceiveShadows: 0
  m_DynamicOccludee: 1
  m_MotionVectors: 1
  m_LightProbeUsage: 1
  m_ReflectionProbeUsage: 1
  m_Materials:
  - {fileID: 10754, guid: 0000000000000000f000000000000000, type: 0}
  m_StaticBatchInfo:
    firstSubMesh: 0
    subMeshCount: 0
  m_StaticBatchRoot: {fileID: 0}
  m_ProbeAnchor: {fileID: 0}
  m_LightProbeVolumeOverride: {fileID: 0}
  m_ScaleInLightmap: 1
  m_PreserveUVs: 0
  m_IgnoreNormalsForChartDetection: 0
  m_ImportantGI: 0
  m_StitchLightmapSeams: 0
  m_SelectedEditorRenderState: 0
  m_MinimumChartSize: 4
  m_AutoUVMaxDistance: 0.5
  m_AutoUVMaxAngle: 89
  m_LightmapParameters: {fileID: 0}
  m_SortingLayerID: -126229679
  m_SortingLayer: -1
  m_SortingOrder: 3
  m_Sprite: {fileID: 21300000, guid: d842e880035ea644599fe688a926f696, type: 3}
  m_Color: {r: 1, g: 1, b: 1, a: 1}
  m_FlipX: 0
  m_FlipY: 0
  m_DrawMode: 0
  m_Size: {x: 2.56, y: 1.28}
  m_AdaptiveModeThreshold: 0.5
  m_SpriteTileMode: 0
  m_WasSpriteAssigned: 1
  m_MaskInteraction: 0
--- !u!1001 &1799853956
Prefab:
  m_ObjectHideFlags: 0
  serializedVersion: 2
  m_Modification:
    m_TransformParent: {fileID: 0}
    m_Modifications:
    - target: {fileID: 4797514649557742, guid: ba2075773d9f3da41bf22c3c10ee8ff6, type: 2}
      propertyPath: m_LocalPosition.x
      value: -8.14
      objectReference: {fileID: 0}
    - target: {fileID: 4797514649557742, guid: ba2075773d9f3da41bf22c3c10ee8ff6, type: 2}
      propertyPath: m_LocalPosition.y
      value: 7.78
      objectReference: {fileID: 0}
    - target: {fileID: 4797514649557742, guid: ba2075773d9f3da41bf22c3c10ee8ff6, type: 2}
      propertyPath: m_LocalPosition.z
      value: 0
      objectReference: {fileID: 0}
    - target: {fileID: 4797514649557742, guid: ba2075773d9f3da41bf22c3c10ee8ff6, type: 2}
      propertyPath: m_LocalRotation.x
      value: 0
      objectReference: {fileID: 0}
    - target: {fileID: 4797514649557742, guid: ba2075773d9f3da41bf22c3c10ee8ff6, type: 2}
      propertyPath: m_LocalRotation.y
      value: 0
      objectReference: {fileID: 0}
    - target: {fileID: 4797514649557742, guid: ba2075773d9f3da41bf22c3c10ee8ff6, type: 2}
      propertyPath: m_LocalRotation.z
      value: 0
      objectReference: {fileID: 0}
    - target: {fileID: 4797514649557742, guid: ba2075773d9f3da41bf22c3c10ee8ff6, type: 2}
      propertyPath: m_LocalRotation.w
      value: 1
      objectReference: {fileID: 0}
    - target: {fileID: 4797514649557742, guid: ba2075773d9f3da41bf22c3c10ee8ff6, type: 2}
      propertyPath: m_RootOrder
      value: 1
      objectReference: {fileID: 0}
    - target: {fileID: 114770475006492374, guid: ba2075773d9f3da41bf22c3c10ee8ff6,
        type: 2}
      propertyPath: gate
      value: 
      objectReference: {fileID: 1569463603}
    m_RemovedComponents: []
  m_ParentPrefab: {fileID: 100100000, guid: ba2075773d9f3da41bf22c3c10ee8ff6, type: 2}
  m_IsPrefabParent: 0
--- !u!1001 &1887279391
Prefab:
  m_ObjectHideFlags: 0
  serializedVersion: 2
  m_Modification:
    m_TransformParent: {fileID: 2084204198}
    m_Modifications:
    - target: {fileID: 4065349263463696, guid: fdbe29fe2d2f84644a0fe71358919c5d, type: 2}
      propertyPath: m_LocalPosition.x
      value: -9.6581745
      objectReference: {fileID: 0}
    - target: {fileID: 4065349263463696, guid: fdbe29fe2d2f84644a0fe71358919c5d, type: 2}
      propertyPath: m_LocalPosition.y
      value: 0.014324188
      objectReference: {fileID: 0}
    - target: {fileID: 4065349263463696, guid: fdbe29fe2d2f84644a0fe71358919c5d, type: 2}
      propertyPath: m_LocalPosition.z
      value: 1.6062329
      objectReference: {fileID: 0}
    - target: {fileID: 4065349263463696, guid: fdbe29fe2d2f84644a0fe71358919c5d, type: 2}
      propertyPath: m_LocalRotation.x
      value: -0
      objectReference: {fileID: 0}
    - target: {fileID: 4065349263463696, guid: fdbe29fe2d2f84644a0fe71358919c5d, type: 2}
      propertyPath: m_LocalRotation.y
      value: -0
      objectReference: {fileID: 0}
    - target: {fileID: 4065349263463696, guid: fdbe29fe2d2f84644a0fe71358919c5d, type: 2}
      propertyPath: m_LocalRotation.z
      value: -0
      objectReference: {fileID: 0}
    - target: {fileID: 4065349263463696, guid: fdbe29fe2d2f84644a0fe71358919c5d, type: 2}
      propertyPath: m_LocalRotation.w
      value: 1
      objectReference: {fileID: 0}
    - target: {fileID: 4065349263463696, guid: fdbe29fe2d2f84644a0fe71358919c5d, type: 2}
      propertyPath: m_RootOrder
      value: 5
      objectReference: {fileID: 0}
    - target: {fileID: 1433676777038158, guid: fdbe29fe2d2f84644a0fe71358919c5d, type: 2}
      propertyPath: m_Name
      value: water_tile (2)
      objectReference: {fileID: 0}
    - target: {fileID: 4065349263463696, guid: fdbe29fe2d2f84644a0fe71358919c5d, type: 2}
      propertyPath: m_LocalScale.x
      value: 2.0792878
      objectReference: {fileID: 0}
    - target: {fileID: 4065349263463696, guid: fdbe29fe2d2f84644a0fe71358919c5d, type: 2}
      propertyPath: m_LocalScale.y
      value: 2.0123222
      objectReference: {fileID: 0}
    m_RemovedComponents: []
  m_ParentPrefab: {fileID: 100100000, guid: fdbe29fe2d2f84644a0fe71358919c5d, type: 2}
  m_IsPrefabParent: 0
--- !u!4 &1892066297 stripped
Transform:
  m_PrefabParentObject: {fileID: 4046901959337332, guid: f7564e367a6072245a626971e714c05f,
    type: 2}
  m_PrefabInternal: {fileID: 1656830802}
--- !u!1 &1910836432
GameObject:
  m_ObjectHideFlags: 0
  m_PrefabParentObject: {fileID: 0}
  m_PrefabInternal: {fileID: 0}
  serializedVersion: 5
  m_Component:
  - component: {fileID: 1910836434}
  - component: {fileID: 1910836433}
  m_Layer: 0
  m_Name: Magic_button_blue (1)
  m_TagString: Untagged
  m_Icon: {fileID: 0}
  m_NavMeshLayer: 0
  m_StaticEditorFlags: 0
  m_IsActive: 1
--- !u!212 &1910836433
SpriteRenderer:
  m_ObjectHideFlags: 0
  m_PrefabParentObject: {fileID: 0}
  m_PrefabInternal: {fileID: 0}
  m_GameObject: {fileID: 1910836432}
  m_Enabled: 1
  m_CastShadows: 0
  m_ReceiveShadows: 0
  m_DynamicOccludee: 1
  m_MotionVectors: 1
  m_LightProbeUsage: 1
  m_ReflectionProbeUsage: 1
  m_Materials:
  - {fileID: 10754, guid: 0000000000000000f000000000000000, type: 0}
  m_StaticBatchInfo:
    firstSubMesh: 0
    subMeshCount: 0
  m_StaticBatchRoot: {fileID: 0}
  m_ProbeAnchor: {fileID: 0}
  m_LightProbeVolumeOverride: {fileID: 0}
  m_ScaleInLightmap: 1
  m_PreserveUVs: 0
  m_IgnoreNormalsForChartDetection: 0
  m_ImportantGI: 0
  m_StitchLightmapSeams: 0
  m_SelectedEditorRenderState: 0
  m_MinimumChartSize: 4
  m_AutoUVMaxDistance: 0.5
  m_AutoUVMaxAngle: 89
  m_LightmapParameters: {fileID: 0}
  m_SortingLayerID: 0
  m_SortingLayer: 0
  m_SortingOrder: 0
  m_Sprite: {fileID: 21300000, guid: 7f0f0f5c29a754548a51a0fe9ef1e4fc, type: 3}
  m_Color: {r: 1, g: 1, b: 1, a: 1}
  m_FlipX: 0
  m_FlipY: 0
  m_DrawMode: 0
  m_Size: {x: 1.2, y: 1.2}
  m_AdaptiveModeThreshold: 0.5
  m_SpriteTileMode: 0
  m_WasSpriteAssigned: 1
  m_MaskInteraction: 0
--- !u!4 &1910836434
Transform:
  m_ObjectHideFlags: 0
  m_PrefabParentObject: {fileID: 0}
  m_PrefabInternal: {fileID: 0}
  m_GameObject: {fileID: 1910836432}
  m_LocalRotation: {x: 0, y: 0, z: 0, w: 1}
  m_LocalPosition: {x: -3.99, y: 10.12, z: 0}
  m_LocalScale: {x: 1, y: 1, z: 1}
  m_Children: []
  m_Father: {fileID: 0}
  m_RootOrder: 12
  m_LocalEulerAnglesHint: {x: 0, y: 0, z: 0}
--- !u!1 &2065052361
GameObject:
  m_ObjectHideFlags: 0
  m_PrefabParentObject: {fileID: 0}
  m_PrefabInternal: {fileID: 0}
  serializedVersion: 5
  m_Component:
  - component: {fileID: 2065052363}
  - component: {fileID: 2065052362}
  m_Layer: 0
  m_Name: bulle (1)
  m_TagString: Untagged
  m_Icon: {fileID: 0}
  m_NavMeshLayer: 0
  m_StaticEditorFlags: 0
  m_IsActive: 1
--- !u!212 &2065052362
SpriteRenderer:
  m_ObjectHideFlags: 0
  m_PrefabParentObject: {fileID: 0}
  m_PrefabInternal: {fileID: 0}
  m_GameObject: {fileID: 2065052361}
  m_Enabled: 1
  m_CastShadows: 0
  m_ReceiveShadows: 0
  m_DynamicOccludee: 1
  m_MotionVectors: 1
  m_LightProbeUsage: 1
  m_ReflectionProbeUsage: 1
  m_Materials:
  - {fileID: 10754, guid: 0000000000000000f000000000000000, type: 0}
  m_StaticBatchInfo:
    firstSubMesh: 0
    subMeshCount: 0
  m_StaticBatchRoot: {fileID: 0}
  m_ProbeAnchor: {fileID: 0}
  m_LightProbeVolumeOverride: {fileID: 0}
  m_ScaleInLightmap: 1
  m_PreserveUVs: 0
  m_IgnoreNormalsForChartDetection: 0
  m_ImportantGI: 0
  m_StitchLightmapSeams: 0
  m_SelectedEditorRenderState: 0
  m_MinimumChartSize: 4
  m_AutoUVMaxDistance: 0.5
  m_AutoUVMaxAngle: 89
  m_LightmapParameters: {fileID: 0}
  m_SortingLayerID: -126229679
  m_SortingLayer: -1
  m_SortingOrder: 3
  m_Sprite: {fileID: 21300000, guid: d842e880035ea644599fe688a926f696, type: 3}
  m_Color: {r: 1, g: 1, b: 1, a: 1}
  m_FlipX: 0
  m_FlipY: 0
  m_DrawMode: 0
  m_Size: {x: 2.56, y: 1.28}
  m_AdaptiveModeThreshold: 0.5
  m_SpriteTileMode: 0
  m_WasSpriteAssigned: 1
  m_MaskInteraction: 0
--- !u!4 &2065052363
Transform:
  m_ObjectHideFlags: 0
  m_PrefabParentObject: {fileID: 0}
  m_PrefabInternal: {fileID: 0}
  m_GameObject: {fileID: 2065052361}
  m_LocalRotation: {x: -0, y: -0, z: -0, w: 1}
  m_LocalPosition: {x: -7.743, y: -2.7216759, z: -3.393767}
  m_LocalScale: {x: 4.50043, y: 2.7957377, z: 1}
  m_Children: []
  m_Father: {fileID: 468351016}
  m_RootOrder: 0
  m_LocalEulerAnglesHint: {x: 0, y: 0, z: 0}
--- !u!1 &2084204197
GameObject:
  m_ObjectHideFlags: 0
  m_PrefabParentObject: {fileID: 0}
  m_PrefabInternal: {fileID: 0}
  serializedVersion: 5
  m_Component:
  - component: {fileID: 2084204198}
  m_Layer: 0
  m_Name: Crates
  m_TagString: Untagged
  m_Icon: {fileID: 0}
  m_NavMeshLayer: 0
  m_StaticEditorFlags: 0
  m_IsActive: 1
--- !u!4 &2084204198
Transform:
  m_ObjectHideFlags: 0
  m_PrefabParentObject: {fileID: 0}
  m_PrefabInternal: {fileID: 0}
  m_GameObject: {fileID: 2084204197}
  m_LocalRotation: {x: 0, y: 0, z: 0, w: 1}
  m_LocalPosition: {x: -4.337826, y: 5.181676, z: 3.393767}
  m_LocalScale: {x: 1, y: 1, z: 1}
  m_Children:
  - {fileID: 1138778208}
  - {fileID: 205121126}
  - {fileID: 680581347}
  - {fileID: 1226218453}
  - {fileID: 1892066297}
  - {fileID: 1581176522}
  - {fileID: 856643944}
  - {fileID: 513576954}
  m_Father: {fileID: 0}
  m_RootOrder: 8
  m_LocalEulerAnglesHint: {x: 0, y: 0, z: 0}
--- !u!1 &2097585930
GameObject:
  m_ObjectHideFlags: 0
  m_PrefabParentObject: {fileID: 1162474190238778, guid: 00ed8c25e30ae5041843c8c084cae531,
    type: 2}
  m_PrefabInternal: {fileID: 0}
  serializedVersion: 5
  m_Component:
  - component: {fileID: 2097585931}
  - component: {fileID: 2097585936}
  - component: {fileID: 2097585935}
  - component: {fileID: 2097585934}
  - component: {fileID: 2097585933}
  - component: {fileID: 2097585932}
  m_Layer: 0
  m_Name: player 1
  m_TagString: Player
  m_Icon: {fileID: 0}
  m_NavMeshLayer: 0
  m_StaticEditorFlags: 0
  m_IsActive: 1
--- !u!4 &2097585931
Transform:
  m_ObjectHideFlags: 0
  m_PrefabParentObject: {fileID: 4868387257545648, guid: 00ed8c25e30ae5041843c8c084cae531,
    type: 2}
  m_PrefabInternal: {fileID: 0}
  m_GameObject: {fileID: 2097585930}
  m_LocalRotation: {x: -0, y: -0, z: -0, w: 1}
  m_LocalPosition: {x: 1.0128574, y: 0.99683833, z: -0.0126915155}
  m_LocalScale: {x: 0.25, y: 0.25, z: 1}
  m_Children: []
  m_Father: {fileID: 1572315107}
  m_RootOrder: 2
  m_LocalEulerAnglesHint: {x: 0, y: 0, z: 0}
--- !u!95 &2097585932
Animator:
  serializedVersion: 3
  m_ObjectHideFlags: 0
  m_PrefabParentObject: {fileID: 95291764686175910, guid: 00ed8c25e30ae5041843c8c084cae531,
    type: 2}
  m_PrefabInternal: {fileID: 0}
  m_GameObject: {fileID: 2097585930}
  m_Enabled: 1
  m_Avatar: {fileID: 0}
  m_Controller: {fileID: 9100000, guid: 612ec7794fbc74a03b66f9a057915993, type: 2}
  m_CullingMode: 0
  m_UpdateMode: 0
  m_ApplyRootMotion: 0
  m_LinearVelocityBlending: 0
  m_WarningMessage: 
  m_HasTransformHierarchy: 1
  m_AllowConstantClipSamplingOptimization: 1
--- !u!61 &2097585933
BoxCollider2D:
  m_ObjectHideFlags: 0
  m_PrefabParentObject: {fileID: 61070328934640416, guid: 00ed8c25e30ae5041843c8c084cae531,
    type: 2}
  m_PrefabInternal: {fileID: 0}
  m_GameObject: {fileID: 2097585930}
  m_Enabled: 1
  m_Density: 1
  m_Material: {fileID: 0}
  m_IsTrigger: 0
  m_UsedByEffector: 0
  m_UsedByComposite: 0
  m_Offset: {x: 0, y: 0}
  m_SpriteTilingProperty:
    border: {x: 0, y: 0, z: 0, w: 0}
    pivot: {x: 0.5, y: 0.5}
    oldSize: {x: 3.15, y: 3.45}
    newSize: {x: 1, y: 1}
    adaptiveTilingThreshold: 0.5
    drawMode: 0
    adaptiveTiling: 0
  m_AutoTiling: 0
  serializedVersion: 2
  m_Size: {x: 3.2702246, y: 3.7133307}
  m_EdgeRadius: 0
--- !u!50 &2097585934
Rigidbody2D:
  serializedVersion: 4
  m_ObjectHideFlags: 0
  m_PrefabParentObject: {fileID: 50803713492668772, guid: 00ed8c25e30ae5041843c8c084cae531,
    type: 2}
  m_PrefabInternal: {fileID: 0}
  m_GameObject: {fileID: 2097585930}
  m_BodyType: 0
  m_Simulated: 1
  m_UseFullKinematicContacts: 0
  m_UseAutoMass: 0
  m_Mass: 1
  m_LinearDrag: 0
  m_AngularDrag: 0.05
  m_GravityScale: 0
  m_Material: {fileID: 0}
  m_Interpolate: 0
  m_SleepingMode: 1
  m_CollisionDetection: 0
  m_Constraints: 4
--- !u!114 &2097585935
MonoBehaviour:
  m_ObjectHideFlags: 0
  m_PrefabParentObject: {fileID: 114202215213316416, guid: 00ed8c25e30ae5041843c8c084cae531,
    type: 2}
  m_PrefabInternal: {fileID: 0}
  m_GameObject: {fileID: 2097585930}
  m_Enabled: 1
  m_EditorHideFlags: 0
  m_Script: {fileID: 11500000, guid: 1c9fc0cd876744c6684d556dc836f6b4, type: 3}
  m_Name: 
  m_EditorClassIdentifier: 
  maxSpeed: {x: 6, y: 6}
  myPos: {x: 0, y: 0, z: 0}
  allMinions:
  - {fileID: 114851969173515386, guid: a6a736a5f8e1747c88d69bd667dc44a0, type: 2}
  - {fileID: 114258974395429860, guid: 3e8c4fdc6f7344fd29294149a481a248, type: 2}
  currentMinion: 0
  allFollower:
  - {fileID: 1705273996}
  - {fileID: 104900542}
--- !u!212 &2097585936
SpriteRenderer:
  m_ObjectHideFlags: 0
  m_PrefabParentObject: {fileID: 212126072029691950, guid: 00ed8c25e30ae5041843c8c084cae531,
    type: 2}
  m_PrefabInternal: {fileID: 0}
  m_GameObject: {fileID: 2097585930}
  m_Enabled: 1
  m_CastShadows: 0
  m_ReceiveShadows: 0
  m_DynamicOccludee: 1
  m_MotionVectors: 1
  m_LightProbeUsage: 1
  m_ReflectionProbeUsage: 1
  m_Materials:
  - {fileID: 10754, guid: 0000000000000000f000000000000000, type: 0}
  m_StaticBatchInfo:
    firstSubMesh: 0
    subMeshCount: 0
  m_StaticBatchRoot: {fileID: 0}
  m_ProbeAnchor: {fileID: 0}
  m_LightProbeVolumeOverride: {fileID: 0}
  m_ScaleInLightmap: 1
  m_PreserveUVs: 0
  m_IgnoreNormalsForChartDetection: 0
  m_ImportantGI: 0
  m_StitchLightmapSeams: 0
  m_SelectedEditorRenderState: 0
  m_MinimumChartSize: 4
  m_AutoUVMaxDistance: 0.5
  m_AutoUVMaxAngle: 89
  m_LightmapParameters: {fileID: 0}
  m_SortingLayerID: 0
  m_SortingLayer: 0
  m_SortingOrder: 10
  m_Sprite: {fileID: 21300004, guid: 96da93a40b2574a58bfc9aec265e49cb, type: 3}
  m_Color: {r: 1, g: 1, b: 1, a: 1}
  m_FlipX: 0
  m_FlipY: 0
  m_DrawMode: 0
  m_Size: {x: 1, y: 1}
  m_AdaptiveModeThreshold: 0.5
  m_SpriteTileMode: 0
  m_WasSpriteAssigned: 1
  m_MaskInteraction: 0
--- !u!1 &2130225745
GameObject:
  m_ObjectHideFlags: 0
  m_PrefabParentObject: {fileID: 0}
  m_PrefabInternal: {fileID: 0}
  serializedVersion: 5
  m_Component:
  - component: {fileID: 2130225746}
  - component: {fileID: 2130225747}
  m_Layer: 0
  m_Name: Sequencer
  m_TagString: Untagged
  m_Icon: {fileID: 0}
  m_NavMeshLayer: 0
  m_StaticEditorFlags: 0
  m_IsActive: 1
--- !u!4 &2130225746
Transform:
  m_ObjectHideFlags: 0
  m_PrefabParentObject: {fileID: 0}
  m_PrefabInternal: {fileID: 0}
  m_GameObject: {fileID: 2130225745}
  m_LocalRotation: {x: -0, y: -0, z: -0, w: 1}
  m_LocalPosition: {x: 10.33477, y: 1.4273115, z: 0.8741528}
  m_LocalScale: {x: 1, y: 1, z: 1}
  m_Children: []
  m_Father: {fileID: 1572315107}
  m_RootOrder: 1
  m_LocalEulerAnglesHint: {x: 0, y: 0, z: 0}
--- !u!114 &2130225747
MonoBehaviour:
  m_ObjectHideFlags: 0
  m_PrefabParentObject: {fileID: 0}
  m_PrefabInternal: {fileID: 0}
  m_GameObject: {fileID: 2130225745}
  m_Enabled: 1
  m_EditorHideFlags: 0
  m_Script: {fileID: 11500000, guid: cd07488839cd14d368b9f6e14a1fd4c7, type: 3}
  m_Name: 
  m_EditorClassIdentifier: 
  wheelChosenMinionGO: {fileID: 189679492}
  playerGO: {fileID: 2097585930}
  player: {fileID: 2097585935}
  currentMinion: 0
  minion:
  - {fileID: 0}
  - {fileID: 0}
