%YAML 1.1
%TAG !u! tag:unity3d.com,2011:
--- !u!29 &1
OcclusionCullingSettings:
  m_ObjectHideFlags: 0
  serializedVersion: 2
  m_OcclusionBakeSettings:
    smallestOccluder: 5
    smallestHole: 0.25
    backfaceThreshold: 100
  m_SceneGUID: 00000000000000000000000000000000
  m_OcclusionCullingData: {fileID: 0}
--- !u!104 &2
RenderSettings:
  m_ObjectHideFlags: 0
  serializedVersion: 8
  m_Fog: 0
  m_FogColor: {r: 0.5, g: 0.5, b: 0.5, a: 1}
  m_FogMode: 3
  m_FogDensity: 0.01
  m_LinearFogStart: 0
  m_LinearFogEnd: 300
  m_AmbientSkyColor: {r: 0.212, g: 0.227, b: 0.259, a: 1}
  m_AmbientEquatorColor: {r: 0.114, g: 0.125, b: 0.133, a: 1}
  m_AmbientGroundColor: {r: 0.047, g: 0.043, b: 0.035, a: 1}
  m_AmbientIntensity: 1
  m_AmbientMode: 3
  m_SubtractiveShadowColor: {r: 0.42, g: 0.478, b: 0.627, a: 1}
  m_SkyboxMaterial: {fileID: 0}
  m_HaloStrength: 0.5
  m_FlareStrength: 1
  m_FlareFadeSpeed: 3
  m_HaloTexture: {fileID: 0}
  m_SpotCookie: {fileID: 10001, guid: 0000000000000000e000000000000000, type: 0}
  m_DefaultReflectionMode: 0
  m_DefaultReflectionResolution: 128
  m_ReflectionBounces: 1
  m_ReflectionIntensity: 1
  m_CustomReflection: {fileID: 0}
  m_Sun: {fileID: 0}
  m_IndirectSpecularColor: {r: 0, g: 0, b: 0, a: 1}
--- !u!157 &3
LightmapSettings:
  m_ObjectHideFlags: 0
  serializedVersion: 11
  m_GIWorkflowMode: 1
  m_GISettings:
    serializedVersion: 2
    m_BounceScale: 1
    m_IndirectOutputScale: 1
    m_AlbedoBoost: 1
    m_TemporalCoherenceThreshold: 1
    m_EnvironmentLightingMode: 0
    m_EnableBakedLightmaps: 0
    m_EnableRealtimeLightmaps: 0
  m_LightmapEditorSettings:
    serializedVersion: 9
    m_Resolution: 2
    m_BakeResolution: 40
    m_TextureWidth: 1024
    m_TextureHeight: 1024
    m_AO: 0
    m_AOMaxDistance: 1
    m_CompAOExponent: 1
    m_CompAOExponentDirect: 0
    m_Padding: 2
    m_LightmapParameters: {fileID: 0}
    m_LightmapsBakeMode: 1
    m_TextureCompression: 1
    m_FinalGather: 0
    m_FinalGatherFiltering: 1
    m_FinalGatherRayCount: 256
    m_ReflectionCompression: 2
    m_MixedBakeMode: 2
    m_BakeBackend: 0
    m_PVRSampling: 1
    m_PVRDirectSampleCount: 32
    m_PVRSampleCount: 500
    m_PVRBounces: 2
    m_PVRFilterTypeDirect: 0
    m_PVRFilterTypeIndirect: 0
    m_PVRFilterTypeAO: 0
    m_PVRFilteringMode: 1
    m_PVRCulling: 1
    m_PVRFilteringGaussRadiusDirect: 1
    m_PVRFilteringGaussRadiusIndirect: 5
    m_PVRFilteringGaussRadiusAO: 2
    m_PVRFilteringAtrousPositionSigmaDirect: 0.5
    m_PVRFilteringAtrousPositionSigmaIndirect: 2
    m_PVRFilteringAtrousPositionSigmaAO: 1
    m_ShowResolutionOverlay: 1
  m_LightingDataAsset: {fileID: 0}
  m_UseShadowmask: 1
--- !u!196 &4
NavMeshSettings:
  serializedVersion: 2
  m_ObjectHideFlags: 0
  m_BuildSettings:
    serializedVersion: 2
    agentTypeID: 0
    agentRadius: 0.5
    agentHeight: 2
    agentSlope: 45
    agentClimb: 0.4
    ledgeDropHeight: 0
    maxJumpAcrossDistance: 0
    minRegionArea: 2
    manualCellSize: 0
    cellSize: 0.16666667
    manualTileSize: 0
    tileSize: 256
    accuratePlacement: 0
    debug:
      m_Flags: 0
  m_NavMeshData: {fileID: 0}
--- !u!1001 &3062699
Prefab:
  m_ObjectHideFlags: 0
  serializedVersion: 2
  m_Modification:
    m_TransformParent: {fileID: 1891630286}
    m_Modifications:
    - target: {fileID: 4985491827200722, guid: 0f8d5e13d71fca04690abc70ec4e0fdc, type: 2}
      propertyPath: m_LocalPosition.x
      value: -0.51842546
      objectReference: {fileID: 0}
    - target: {fileID: 4985491827200722, guid: 0f8d5e13d71fca04690abc70ec4e0fdc, type: 2}
      propertyPath: m_LocalPosition.y
      value: 4.4511166
      objectReference: {fileID: 0}
    - target: {fileID: 4985491827200722, guid: 0f8d5e13d71fca04690abc70ec4e0fdc, type: 2}
      propertyPath: m_LocalPosition.z
      value: 0.1887216
      objectReference: {fileID: 0}
    - target: {fileID: 4985491827200722, guid: 0f8d5e13d71fca04690abc70ec4e0fdc, type: 2}
      propertyPath: m_LocalRotation.x
      value: -0
      objectReference: {fileID: 0}
    - target: {fileID: 4985491827200722, guid: 0f8d5e13d71fca04690abc70ec4e0fdc, type: 2}
      propertyPath: m_LocalRotation.y
      value: -0
      objectReference: {fileID: 0}
    - target: {fileID: 4985491827200722, guid: 0f8d5e13d71fca04690abc70ec4e0fdc, type: 2}
      propertyPath: m_LocalRotation.z
      value: -0
      objectReference: {fileID: 0}
    - target: {fileID: 4985491827200722, guid: 0f8d5e13d71fca04690abc70ec4e0fdc, type: 2}
      propertyPath: m_LocalRotation.w
      value: 1
      objectReference: {fileID: 0}
    - target: {fileID: 4985491827200722, guid: 0f8d5e13d71fca04690abc70ec4e0fdc, type: 2}
      propertyPath: m_RootOrder
      value: 4
      objectReference: {fileID: 0}
    - target: {fileID: 1214936699205168, guid: 0f8d5e13d71fca04690abc70ec4e0fdc, type: 2}
      propertyPath: m_Name
      value: light (2)
      objectReference: {fileID: 0}
    m_RemovedComponents: []
  m_ParentPrefab: {fileID: 100100000, guid: 0f8d5e13d71fca04690abc70ec4e0fdc, type: 2}
  m_IsPrefabParent: 0
--- !u!1 &47520345
GameObject:
  m_ObjectHideFlags: 0
  m_PrefabParentObject: {fileID: 0}
  m_PrefabInternal: {fileID: 0}
  serializedVersion: 5
  m_Component:
  - component: {fileID: 47520346}
  m_Layer: 0
  m_Name: Story
  m_TagString: Untagged
  m_Icon: {fileID: 0}
  m_NavMeshLayer: 0
  m_StaticEditorFlags: 0
  m_IsActive: 1
--- !u!4 &47520346
Transform:
  m_ObjectHideFlags: 0
  m_PrefabParentObject: {fileID: 0}
  m_PrefabInternal: {fileID: 0}
  m_GameObject: {fileID: 47520345}
  m_LocalRotation: {x: 0, y: 0, z: 0, w: 1}
  m_LocalPosition: {x: -2.1915746, y: 3.2488828, z: -0.1887216}
  m_LocalScale: {x: 1, y: 1, z: 1}
  m_Children:
  - {fileID: 541327753}
  - {fileID: 1110402003}
  - {fileID: 1753393994}
  - {fileID: 992301732}
  - {fileID: 1385563133}
  - {fileID: 214018985}
  m_Father: {fileID: 0}
  m_RootOrder: 6
  m_LocalEulerAnglesHint: {x: 0, y: 0, z: 0}
--- !u!1001 &102377437
Prefab:
  m_ObjectHideFlags: 0
  serializedVersion: 2
  m_Modification:
    m_TransformParent: {fileID: 47520346}
    m_Modifications:
    - target: {fileID: 4985491827200722, guid: 0f8d5e13d71fca04690abc70ec4e0fdc, type: 2}
      propertyPath: m_LocalPosition.x
      value: 8.431575
      objectReference: {fileID: 0}
    - target: {fileID: 4985491827200722, guid: 0f8d5e13d71fca04690abc70ec4e0fdc, type: 2}
      propertyPath: m_LocalPosition.y
      value: -3.3688834
      objectReference: {fileID: 0}
    - target: {fileID: 4985491827200722, guid: 0f8d5e13d71fca04690abc70ec4e0fdc, type: 2}
      propertyPath: m_LocalPosition.z
      value: 0.1887216
      objectReference: {fileID: 0}
    - target: {fileID: 4985491827200722, guid: 0f8d5e13d71fca04690abc70ec4e0fdc, type: 2}
      propertyPath: m_LocalRotation.x
      value: -0
      objectReference: {fileID: 0}
    - target: {fileID: 4985491827200722, guid: 0f8d5e13d71fca04690abc70ec4e0fdc, type: 2}
      propertyPath: m_LocalRotation.y
      value: -0
      objectReference: {fileID: 0}
    - target: {fileID: 4985491827200722, guid: 0f8d5e13d71fca04690abc70ec4e0fdc, type: 2}
      propertyPath: m_LocalRotation.z
      value: -0
      objectReference: {fileID: 0}
    - target: {fileID: 4985491827200722, guid: 0f8d5e13d71fca04690abc70ec4e0fdc, type: 2}
      propertyPath: m_LocalRotation.w
      value: 1
      objectReference: {fileID: 0}
    - target: {fileID: 4985491827200722, guid: 0f8d5e13d71fca04690abc70ec4e0fdc, type: 2}
      propertyPath: m_RootOrder
      value: 3
      objectReference: {fileID: 0}
    - target: {fileID: 1214936699205168, guid: 0f8d5e13d71fca04690abc70ec4e0fdc, type: 2}
      propertyPath: m_Name
      value: light (5)
      objectReference: {fileID: 0}
    m_RemovedComponents: []
  m_ParentPrefab: {fileID: 100100000, guid: 0f8d5e13d71fca04690abc70ec4e0fdc, type: 2}
  m_IsPrefabParent: 0
--- !u!1001 &127616474
Prefab:
  m_ObjectHideFlags: 0
  serializedVersion: 2
  m_Modification:
    m_TransformParent: {fileID: 2056359730}
    m_Modifications:
    - target: {fileID: 4089954585227856, guid: 3acaa4fd03811e44f8daf6b980bb3e4b, type: 2}
      propertyPath: m_LocalPosition.x
      value: -2.29
      objectReference: {fileID: 0}
    - target: {fileID: 4089954585227856, guid: 3acaa4fd03811e44f8daf6b980bb3e4b, type: 2}
      propertyPath: m_LocalPosition.y
      value: -0.3399992
      objectReference: {fileID: 0}
    - target: {fileID: 4089954585227856, guid: 3acaa4fd03811e44f8daf6b980bb3e4b, type: 2}
      propertyPath: m_LocalPosition.z
      value: -0.12029794
      objectReference: {fileID: 0}
    - target: {fileID: 4089954585227856, guid: 3acaa4fd03811e44f8daf6b980bb3e4b, type: 2}
      propertyPath: m_LocalRotation.x
      value: -0
      objectReference: {fileID: 0}
    - target: {fileID: 4089954585227856, guid: 3acaa4fd03811e44f8daf6b980bb3e4b, type: 2}
      propertyPath: m_LocalRotation.y
      value: -0
      objectReference: {fileID: 0}
    - target: {fileID: 4089954585227856, guid: 3acaa4fd03811e44f8daf6b980bb3e4b, type: 2}
      propertyPath: m_LocalRotation.z
      value: -0
      objectReference: {fileID: 0}
    - target: {fileID: 4089954585227856, guid: 3acaa4fd03811e44f8daf6b980bb3e4b, type: 2}
      propertyPath: m_LocalRotation.w
      value: 1
      objectReference: {fileID: 0}
    - target: {fileID: 4089954585227856, guid: 3acaa4fd03811e44f8daf6b980bb3e4b, type: 2}
      propertyPath: m_RootOrder
      value: 2
      objectReference: {fileID: 0}
    - target: {fileID: 1218306565618116, guid: 3acaa4fd03811e44f8daf6b980bb3e4b, type: 2}
      propertyPath: m_Name
      value: torcheAnimation_1 (2)
      objectReference: {fileID: 0}
    - target: {fileID: 4089954585227856, guid: 3acaa4fd03811e44f8daf6b980bb3e4b, type: 2}
      propertyPath: m_LocalScale.x
      value: 0.82479995
      objectReference: {fileID: 0}
    - target: {fileID: 4089954585227856, guid: 3acaa4fd03811e44f8daf6b980bb3e4b, type: 2}
      propertyPath: m_LocalScale.y
      value: 0.82479995
      objectReference: {fileID: 0}
    - target: {fileID: 4089954585227856, guid: 3acaa4fd03811e44f8daf6b980bb3e4b, type: 2}
      propertyPath: m_LocalScale.z
      value: 0.82479995
      objectReference: {fileID: 0}
    m_RemovedComponents: []
  m_ParentPrefab: {fileID: 100100000, guid: 3acaa4fd03811e44f8daf6b980bb3e4b, type: 2}
  m_IsPrefabParent: 0
--- !u!4 &127616475 stripped
Transform:
  m_PrefabParentObject: {fileID: 4089954585227856, guid: 3acaa4fd03811e44f8daf6b980bb3e4b,
    type: 2}
  m_PrefabInternal: {fileID: 127616474}
--- !u!1 &214018983
GameObject:
  m_ObjectHideFlags: 0
  m_PrefabParentObject: {fileID: 0}
  m_PrefabInternal: {fileID: 0}
  serializedVersion: 5
  m_Component:
  - component: {fileID: 214018985}
  - component: {fileID: 214018984}
  m_Layer: 0
  m_Name: histoire
  m_TagString: Untagged
  m_Icon: {fileID: 0}
  m_NavMeshLayer: 0
  m_StaticEditorFlags: 0
  m_IsActive: 1
--- !u!212 &214018984
SpriteRenderer:
  m_ObjectHideFlags: 0
  m_PrefabParentObject: {fileID: 0}
  m_PrefabInternal: {fileID: 0}
  m_GameObject: {fileID: 214018983}
  m_Enabled: 1
  m_CastShadows: 0
  m_ReceiveShadows: 0
  m_DynamicOccludee: 1
  m_MotionVectors: 1
  m_LightProbeUsage: 1
  m_ReflectionProbeUsage: 1
  m_Materials:
  - {fileID: 10754, guid: 0000000000000000f000000000000000, type: 0}
  m_StaticBatchInfo:
    firstSubMesh: 0
    subMeshCount: 0
  m_StaticBatchRoot: {fileID: 0}
  m_ProbeAnchor: {fileID: 0}
  m_LightProbeVolumeOverride: {fileID: 0}
  m_ScaleInLightmap: 1
  m_PreserveUVs: 0
  m_IgnoreNormalsForChartDetection: 0
  m_ImportantGI: 0
  m_StitchLightmapSeams: 0
  m_SelectedEditorRenderState: 0
  m_MinimumChartSize: 4
  m_AutoUVMaxDistance: 0.5
  m_AutoUVMaxAngle: 89
  m_LightmapParameters: {fileID: 0}
  m_SortingLayerID: 0
  m_SortingLayer: 0
  m_SortingOrder: 0
  m_Sprite: {fileID: 21300000, guid: e1a2e6b69b27edf4d982e7b8ed146264, type: 3}
  m_Color: {r: 1, g: 1, b: 1, a: 1}
  m_FlipX: 0
  m_FlipY: 0
  m_DrawMode: 0
  m_Size: {x: 3.81, y: 2.54}
  m_AdaptiveModeThreshold: 0.5
  m_SpriteTileMode: 0
  m_WasSpriteAssigned: 1
  m_MaskInteraction: 0
--- !u!4 &214018985
Transform:
  m_ObjectHideFlags: 0
  m_PrefabParentObject: {fileID: 0}
  m_PrefabInternal: {fileID: 0}
  m_GameObject: {fileID: 214018983}
  m_LocalRotation: {x: -0, y: -0, z: -0.7071068, w: 0.7071068}
  m_LocalPosition: {x: 6.52, y: -0.84, z: 0.1887216}
  m_LocalScale: {x: 1, y: 1, z: 1}
  m_Children: []
  m_Father: {fileID: 47520346}
  m_RootOrder: 5
  m_LocalEulerAnglesHint: {x: 0, y: 0, z: -90}
--- !u!1001 &239870746
Prefab:
  m_ObjectHideFlags: 0
  serializedVersion: 2
  m_Modification:
    m_TransformParent: {fileID: 828764010}
    m_Modifications:
    - target: {fileID: 4089954585227856, guid: 3acaa4fd03811e44f8daf6b980bb3e4b, type: 2}
      propertyPath: m_LocalPosition.x
      value: -4.338425
      objectReference: {fileID: 0}
    - target: {fileID: 4089954585227856, guid: 3acaa4fd03811e44f8daf6b980bb3e4b, type: 2}
      propertyPath: m_LocalPosition.y
      value: -3.3388834
      objectReference: {fileID: 0}
    - target: {fileID: 4089954585227856, guid: 3acaa4fd03811e44f8daf6b980bb3e4b, type: 2}
      propertyPath: m_LocalPosition.z
      value: 0.1887216
      objectReference: {fileID: 0}
    - target: {fileID: 4089954585227856, guid: 3acaa4fd03811e44f8daf6b980bb3e4b, type: 2}
      propertyPath: m_LocalRotation.x
      value: -0
      objectReference: {fileID: 0}
    - target: {fileID: 4089954585227856, guid: 3acaa4fd03811e44f8daf6b980bb3e4b, type: 2}
      propertyPath: m_LocalRotation.y
      value: -0
      objectReference: {fileID: 0}
    - target: {fileID: 4089954585227856, guid: 3acaa4fd03811e44f8daf6b980bb3e4b, type: 2}
      propertyPath: m_LocalRotation.z
      value: -0
      objectReference: {fileID: 0}
    - target: {fileID: 4089954585227856, guid: 3acaa4fd03811e44f8daf6b980bb3e4b, type: 2}
      propertyPath: m_LocalRotation.w
      value: 1
      objectReference: {fileID: 0}
    - target: {fileID: 4089954585227856, guid: 3acaa4fd03811e44f8daf6b980bb3e4b, type: 2}
      propertyPath: m_RootOrder
      value: 1
      objectReference: {fileID: 0}
    - target: {fileID: 1218306565618116, guid: 3acaa4fd03811e44f8daf6b980bb3e4b, type: 2}
      propertyPath: m_Name
      value: torcheAnimation_1 (1)
      objectReference: {fileID: 0}
    m_RemovedComponents: []
  m_ParentPrefab: {fileID: 100100000, guid: 3acaa4fd03811e44f8daf6b980bb3e4b, type: 2}
  m_IsPrefabParent: 0
--- !u!1 &272019558
GameObject:
  m_ObjectHideFlags: 0
  m_PrefabParentObject: {fileID: 0}
  m_PrefabInternal: {fileID: 0}
  serializedVersion: 5
  m_Component:
  - component: {fileID: 272019559}
  - component: {fileID: 272019561}
  - component: {fileID: 272019560}
  m_Layer: 5
  m_Name: Image
  m_TagString: Untagged
  m_Icon: {fileID: 0}
  m_NavMeshLayer: 0
  m_StaticEditorFlags: 0
  m_IsActive: 1
--- !u!224 &272019559
RectTransform:
  m_ObjectHideFlags: 0
  m_PrefabParentObject: {fileID: 0}
  m_PrefabInternal: {fileID: 0}
  m_GameObject: {fileID: 272019558}
  m_LocalRotation: {x: 0, y: 0, z: 0, w: 1}
  m_LocalPosition: {x: 0, y: 0, z: 0}
  m_LocalScale: {x: 1, y: 1, z: 1}
  m_Children: []
  m_Father: {fileID: 843199344}
  m_RootOrder: 1
  m_LocalEulerAnglesHint: {x: 0, y: 0, z: 0}
  m_AnchorMin: {x: 0, y: 1}
  m_AnchorMax: {x: 0, y: 1}
  m_AnchoredPosition: {x: 40.200012, y: -34.899994}
  m_SizeDelta: {x: 66.399994, y: 61.800003}
  m_Pivot: {x: 0.5, y: 0.5}
--- !u!114 &272019560
MonoBehaviour:
  m_ObjectHideFlags: 0
  m_PrefabParentObject: {fileID: 0}
  m_PrefabInternal: {fileID: 0}
  m_GameObject: {fileID: 272019558}
  m_Enabled: 1
  m_EditorHideFlags: 0
  m_Script: {fileID: -765806418, guid: f70555f144d8491a825f0804e09c671c, type: 3}
  m_Name: 
  m_EditorClassIdentifier: 
  m_Material: {fileID: 0}
  m_Color: {r: 1, g: 1, b: 1, a: 1}
  m_RaycastTarget: 1
  m_OnCullStateChanged:
    m_PersistentCalls:
      m_Calls: []
    m_TypeName: UnityEngine.UI.MaskableGraphic+CullStateChangedEvent, UnityEngine.UI,
      Version=1.0.0.0, Culture=neutral, PublicKeyToken=null
  m_Sprite: {fileID: 21300010, guid: b17551d0779f7b74d90bc84a9bbf1344, type: 3}
  m_Type: 0
  m_PreserveAspect: 0
  m_FillCenter: 1
  m_FillMethod: 4
  m_FillAmount: 1
  m_FillClockwise: 1
  m_FillOrigin: 0
--- !u!222 &272019561
CanvasRenderer:
  m_ObjectHideFlags: 0
  m_PrefabParentObject: {fileID: 0}
  m_PrefabInternal: {fileID: 0}
  m_GameObject: {fileID: 272019558}
--- !u!1 &288261301
GameObject:
  m_ObjectHideFlags: 0
  m_PrefabParentObject: {fileID: 1078646805123494, guid: 39eb64cd1afe92a4580a86a8f4eb9c86,
    type: 2}
  m_PrefabInternal: {fileID: 0}
  serializedVersion: 5
  m_Component:
  - component: {fileID: 288261304}
  - component: {fileID: 288261303}
  m_Layer: 0
  m_Name: Sequencer
  m_TagString: Untagged
  m_Icon: {fileID: 0}
  m_NavMeshLayer: 0
  m_StaticEditorFlags: 0
  m_IsActive: 1
--- !u!114 &288261303
MonoBehaviour:
  m_ObjectHideFlags: 0
  m_PrefabParentObject: {fileID: 114888423364749854, guid: 39eb64cd1afe92a4580a86a8f4eb9c86,
    type: 2}
  m_PrefabInternal: {fileID: 0}
  m_GameObject: {fileID: 288261301}
  m_Enabled: 1
  m_EditorHideFlags: 0
  m_Script: {fileID: 11500000, guid: cd07488839cd14d368b9f6e14a1fd4c7, type: 3}
  m_Name: 
  m_EditorClassIdentifier: 
  wheelChosenMinionGO: {fileID: 0}
  playerGO: {fileID: 797292724}
  player: {fileID: 0}
  currentMinion: 0
  minion: []
--- !u!4 &288261304
Transform:
  m_ObjectHideFlags: 0
  m_PrefabParentObject: {fileID: 4278443531544852, guid: 39eb64cd1afe92a4580a86a8f4eb9c86,
    type: 2}
  m_PrefabInternal: {fileID: 0}
  m_GameObject: {fileID: 288261301}
  m_LocalRotation: {x: 0, y: 0, z: 0, w: 1}
  m_LocalPosition: {x: 10.251913, y: 1.7604727, z: 0.8868443}
  m_LocalScale: {x: 1, y: 1, z: 1}
  m_Children: []
  m_Father: {fileID: 0}
  m_RootOrder: 2
  m_LocalEulerAnglesHint: {x: 0, y: 0, z: 0}
--- !u!1001 &342400336
Prefab:
  m_ObjectHideFlags: 0
  serializedVersion: 2
  m_Modification:
    m_TransformParent: {fileID: 2056359730}
    m_Modifications:
    - target: {fileID: 4089954585227856, guid: 3acaa4fd03811e44f8daf6b980bb3e4b, type: 2}
      propertyPath: m_LocalPosition.x
      value: 2.86
      objectReference: {fileID: 0}
    - target: {fileID: 4089954585227856, guid: 3acaa4fd03811e44f8daf6b980bb3e4b, type: 2}
      propertyPath: m_LocalPosition.y
      value: -0.29
      objectReference: {fileID: 0}
    - target: {fileID: 4089954585227856, guid: 3acaa4fd03811e44f8daf6b980bb3e4b, type: 2}
      propertyPath: m_LocalPosition.z
      value: -0.12029794
      objectReference: {fileID: 0}
    - target: {fileID: 4089954585227856, guid: 3acaa4fd03811e44f8daf6b980bb3e4b, type: 2}
      propertyPath: m_LocalRotation.x
      value: -0
      objectReference: {fileID: 0}
    - target: {fileID: 4089954585227856, guid: 3acaa4fd03811e44f8daf6b980bb3e4b, type: 2}
      propertyPath: m_LocalRotation.y
      value: -0
      objectReference: {fileID: 0}
    - target: {fileID: 4089954585227856, guid: 3acaa4fd03811e44f8daf6b980bb3e4b, type: 2}
      propertyPath: m_LocalRotation.z
      value: -0
      objectReference: {fileID: 0}
    - target: {fileID: 4089954585227856, guid: 3acaa4fd03811e44f8daf6b980bb3e4b, type: 2}
      propertyPath: m_LocalRotation.w
      value: 1
      objectReference: {fileID: 0}
    - target: {fileID: 4089954585227856, guid: 3acaa4fd03811e44f8daf6b980bb3e4b, type: 2}
      propertyPath: m_RootOrder
      value: 1
      objectReference: {fileID: 0}
    - target: {fileID: 1218306565618116, guid: 3acaa4fd03811e44f8daf6b980bb3e4b, type: 2}
      propertyPath: m_Name
      value: torcheAnimation_1 (3)
      objectReference: {fileID: 0}
    - target: {fileID: 4089954585227856, guid: 3acaa4fd03811e44f8daf6b980bb3e4b, type: 2}
      propertyPath: m_LocalScale.x
      value: 0.82479995
      objectReference: {fileID: 0}
    - target: {fileID: 4089954585227856, guid: 3acaa4fd03811e44f8daf6b980bb3e4b, type: 2}
      propertyPath: m_LocalScale.y
      value: 0.82479995
      objectReference: {fileID: 0}
    - target: {fileID: 4089954585227856, guid: 3acaa4fd03811e44f8daf6b980bb3e4b, type: 2}
      propertyPath: m_LocalScale.z
      value: 0.82479995
      objectReference: {fileID: 0}
    m_RemovedComponents: []
  m_ParentPrefab: {fileID: 100100000, guid: 3acaa4fd03811e44f8daf6b980bb3e4b, type: 2}
  m_IsPrefabParent: 0
--- !u!4 &342400337 stripped
Transform:
  m_PrefabParentObject: {fileID: 4089954585227856, guid: 3acaa4fd03811e44f8daf6b980bb3e4b,
    type: 2}
  m_PrefabInternal: {fileID: 342400336}
--- !u!4 &477698819 stripped
Transform:
  m_PrefabParentObject: {fileID: 4985491827200722, guid: 0f8d5e13d71fca04690abc70ec4e0fdc,
    type: 2}
  m_PrefabInternal: {fileID: 756855644}
--- !u!1001 &526997657
Prefab:
  m_ObjectHideFlags: 0
  serializedVersion: 2
  m_Modification:
    m_TransformParent: {fileID: 828764010}
    m_Modifications:
    - target: {fileID: 4985491827200722, guid: 0f8d5e13d71fca04690abc70ec4e0fdc, type: 2}
      propertyPath: m_LocalPosition.x
      value: -4.2684255
      objectReference: {fileID: 0}
    - target: {fileID: 4985491827200722, guid: 0f8d5e13d71fca04690abc70ec4e0fdc, type: 2}
      propertyPath: m_LocalPosition.y
      value: 1.6911167
      objectReference: {fileID: 0}
    - target: {fileID: 4985491827200722, guid: 0f8d5e13d71fca04690abc70ec4e0fdc, type: 2}
      propertyPath: m_LocalPosition.z
      value: 0.1887216
      objectReference: {fileID: 0}
    - target: {fileID: 4985491827200722, guid: 0f8d5e13d71fca04690abc70ec4e0fdc, type: 2}
      propertyPath: m_LocalRotation.x
      value: -0
      objectReference: {fileID: 0}
    - target: {fileID: 4985491827200722, guid: 0f8d5e13d71fca04690abc70ec4e0fdc, type: 2}
      propertyPath: m_LocalRotation.y
      value: -0
      objectReference: {fileID: 0}
    - target: {fileID: 4985491827200722, guid: 0f8d5e13d71fca04690abc70ec4e0fdc, type: 2}
      propertyPath: m_LocalRotation.z
      value: -0
      objectReference: {fileID: 0}
    - target: {fileID: 4985491827200722, guid: 0f8d5e13d71fca04690abc70ec4e0fdc, type: 2}
      propertyPath: m_LocalRotation.w
      value: 1
      objectReference: {fileID: 0}
    - target: {fileID: 4985491827200722, guid: 0f8d5e13d71fca04690abc70ec4e0fdc, type: 2}
      propertyPath: m_RootOrder
      value: 3
      objectReference: {fileID: 0}
    - target: {fileID: 1214936699205168, guid: 0f8d5e13d71fca04690abc70ec4e0fdc, type: 2}
      propertyPath: m_Name
      value: light (1)
      objectReference: {fileID: 0}
    m_RemovedComponents: []
  m_ParentPrefab: {fileID: 100100000, guid: 0f8d5e13d71fca04690abc70ec4e0fdc, type: 2}
  m_IsPrefabParent: 0
--- !u!4 &541327753 stripped
Transform:
  m_PrefabParentObject: {fileID: 4756355475633182, guid: 47a72ce84b7704242976aa15fea57734,
    type: 2}
  m_PrefabInternal: {fileID: 1508202535}
--- !u!4 &563992942 stripped
Transform:
  m_PrefabParentObject: {fileID: 4756355475633182, guid: 47a72ce84b7704242976aa15fea57734,
    type: 2}
  m_PrefabInternal: {fileID: 1569073958}
--- !u!1001 &651990393
Prefab:
  m_ObjectHideFlags: 0
  serializedVersion: 2
  m_Modification:
    m_TransformParent: {fileID: 1891630286}
    m_Modifications:
    - target: {fileID: 4756355475633182, guid: 47a72ce84b7704242976aa15fea57734, type: 2}
      propertyPath: m_LocalPosition.x
      value: 2.0315747
      objectReference: {fileID: 0}
    - target: {fileID: 4756355475633182, guid: 47a72ce84b7704242976aa15fea57734, type: 2}
      propertyPath: m_LocalPosition.y
      value: 7.0211167
      objectReference: {fileID: 0}
    - target: {fileID: 4756355475633182, guid: 47a72ce84b7704242976aa15fea57734, type: 2}
      propertyPath: m_LocalPosition.z
      value: 0.1887216
      objectReference: {fileID: 0}
    - target: {fileID: 4756355475633182, guid: 47a72ce84b7704242976aa15fea57734, type: 2}
      propertyPath: m_LocalRotation.x
      value: -0
      objectReference: {fileID: 0}
    - target: {fileID: 4756355475633182, guid: 47a72ce84b7704242976aa15fea57734, type: 2}
      propertyPath: m_LocalRotation.y
      value: -0
      objectReference: {fileID: 0}
    - target: {fileID: 4756355475633182, guid: 47a72ce84b7704242976aa15fea57734, type: 2}
      propertyPath: m_LocalRotation.z
      value: -0
      objectReference: {fileID: 0}
    - target: {fileID: 4756355475633182, guid: 47a72ce84b7704242976aa15fea57734, type: 2}
      propertyPath: m_LocalRotation.w
      value: 1
      objectReference: {fileID: 0}
    - target: {fileID: 4756355475633182, guid: 47a72ce84b7704242976aa15fea57734, type: 2}
      propertyPath: m_RootOrder
      value: 0
      objectReference: {fileID: 0}
    - target: {fileID: 1731271724930478, guid: 47a72ce84b7704242976aa15fea57734, type: 2}
      propertyPath: m_Name
      value: Exit
      objectReference: {fileID: 0}
    - target: {fileID: 61692809535574728, guid: 47a72ce84b7704242976aa15fea57734,
        type: 2}
      propertyPath: m_IsTrigger
      value: 1
      objectReference: {fileID: 0}
    - target: {fileID: 212919553047585098, guid: 47a72ce84b7704242976aa15fea57734,
        type: 2}
      propertyPath: m_Sprite
      value: 
      objectReference: {fileID: 21300000, guid: e80daa823456456408cbf8d2af9b89a3,
        type: 3}
    - target: {fileID: 212919553047585098, guid: 47a72ce84b7704242976aa15fea57734,
        type: 2}
      propertyPath: m_Size.x
      value: 1.76
      objectReference: {fileID: 0}
    - target: {fileID: 212919553047585098, guid: 47a72ce84b7704242976aa15fea57734,
        type: 2}
      propertyPath: m_Size.y
      value: 1.75
      objectReference: {fileID: 0}
    - target: {fileID: 212919553047585098, guid: 47a72ce84b7704242976aa15fea57734,
        type: 2}
      propertyPath: m_WasSpriteAssigned
      value: 1
      objectReference: {fileID: 0}
    - target: {fileID: 4756355475633182, guid: 47a72ce84b7704242976aa15fea57734, type: 2}
      propertyPath: m_LocalScale.x
      value: 2
      objectReference: {fileID: 0}
    - target: {fileID: 4756355475633182, guid: 47a72ce84b7704242976aa15fea57734, type: 2}
      propertyPath: m_LocalScale.y
      value: 2
      objectReference: {fileID: 0}
    - target: {fileID: 4756355475633182, guid: 47a72ce84b7704242976aa15fea57734, type: 2}
      propertyPath: m_LocalScale.z
      value: 1.4777035
      objectReference: {fileID: 0}
    - target: {fileID: 114689861012012310, guid: 47a72ce84b7704242976aa15fea57734,
        type: 2}
      propertyPath: scene
      value: demo_newminion
      objectReference: {fileID: 0}
    - target: {fileID: 61692809535574728, guid: 47a72ce84b7704242976aa15fea57734,
        type: 2}
      propertyPath: m_SpriteTilingProperty.oldSize.x
      value: 1.76
      objectReference: {fileID: 0}
    - target: {fileID: 61692809535574728, guid: 47a72ce84b7704242976aa15fea57734,
        type: 2}
      propertyPath: m_SpriteTilingProperty.oldSize.y
      value: 1.75
      objectReference: {fileID: 0}
    - target: {fileID: 61692809535574728, guid: 47a72ce84b7704242976aa15fea57734,
        type: 2}
      propertyPath: m_SpriteTilingProperty.newSize.x
      value: 1.76
      objectReference: {fileID: 0}
    - target: {fileID: 61692809535574728, guid: 47a72ce84b7704242976aa15fea57734,
        type: 2}
      propertyPath: m_SpriteTilingProperty.newSize.y
      value: 1.75
      objectReference: {fileID: 0}
    m_RemovedComponents: []
  m_ParentPrefab: {fileID: 100100000, guid: 47a72ce84b7704242976aa15fea57734, type: 2}
  m_IsPrefabParent: 0
--- !u!1 &717428004
GameObject:
  m_ObjectHideFlags: 0
  m_PrefabParentObject: {fileID: 0}
  m_PrefabInternal: {fileID: 0}
  serializedVersion: 5
  m_Component:
  - component: {fileID: 717428006}
  - component: {fileID: 717428005}
  m_Layer: 0
  m_Name: jouer
  m_TagString: Untagged
  m_Icon: {fileID: 0}
  m_NavMeshLayer: 0
  m_StaticEditorFlags: 0
  m_IsActive: 1
--- !u!212 &717428005
SpriteRenderer:
  m_ObjectHideFlags: 0
  m_PrefabParentObject: {fileID: 0}
  m_PrefabInternal: {fileID: 0}
  m_GameObject: {fileID: 717428004}
  m_Enabled: 1
  m_CastShadows: 0
  m_ReceiveShadows: 0
  m_DynamicOccludee: 1
  m_MotionVectors: 1
  m_LightProbeUsage: 1
  m_ReflectionProbeUsage: 1
  m_Materials:
  - {fileID: 10754, guid: 0000000000000000f000000000000000, type: 0}
  m_StaticBatchInfo:
    firstSubMesh: 0
    subMeshCount: 0
  m_StaticBatchRoot: {fileID: 0}
  m_ProbeAnchor: {fileID: 0}
  m_LightProbeVolumeOverride: {fileID: 0}
  m_ScaleInLightmap: 1
  m_PreserveUVs: 0
  m_IgnoreNormalsForChartDetection: 0
  m_ImportantGI: 0
  m_StitchLightmapSeams: 0
  m_SelectedEditorRenderState: 0
  m_MinimumChartSize: 4
  m_AutoUVMaxDistance: 0.5
  m_AutoUVMaxAngle: 89
  m_LightmapParameters: {fileID: 0}
  m_SortingLayerID: 0
  m_SortingLayer: 0
  m_SortingOrder: 0
  m_Sprite: {fileID: 21300000, guid: b1c9f4cb1f59f1e4c8879f6159756cde, type: 3}
  m_Color: {r: 1, g: 1, b: 1, a: 1}
  m_FlipX: 0
  m_FlipY: 0
  m_DrawMode: 0
  m_Size: {x: 3.81, y: 2.54}
  m_AdaptiveModeThreshold: 0.5
  m_SpriteTileMode: 0
  m_WasSpriteAssigned: 1
  m_MaskInteraction: 0
--- !u!4 &717428006
Transform:
  m_ObjectHideFlags: 0
  m_PrefabParentObject: {fileID: 0}
  m_PrefabInternal: {fileID: 0}
  m_GameObject: {fileID: 717428004}
  m_LocalRotation: {x: -0, y: -0, z: -0, w: 1}
  m_LocalPosition: {x: 2.0415745, y: 2.5111175, z: 0.1887216}
  m_LocalScale: {x: 1, y: 1, z: 1}
  m_Children: []
  m_Father: {fileID: 1891630286}
  m_RootOrder: 5
  m_LocalEulerAnglesHint: {x: 0, y: 0, z: 0}
--- !u!1001 &752893925
Prefab:
  m_ObjectHideFlags: 0
  serializedVersion: 2
  m_Modification:
    m_TransformParent: {fileID: 47520346}
    m_Modifications:
    - target: {fileID: 4089954585227856, guid: 3acaa4fd03811e44f8daf6b980bb3e4b, type: 2}
      propertyPath: m_LocalPosition.x
      value: 8.331574
      objectReference: {fileID: 0}
    - target: {fileID: 4089954585227856, guid: 3acaa4fd03811e44f8daf6b980bb3e4b, type: 2}
      propertyPath: m_LocalPosition.y
      value: -3.3388834
      objectReference: {fileID: 0}
    - target: {fileID: 4089954585227856, guid: 3acaa4fd03811e44f8daf6b980bb3e4b, type: 2}
      propertyPath: m_LocalPosition.z
      value: 0.1887216
      objectReference: {fileID: 0}
    - target: {fileID: 4089954585227856, guid: 3acaa4fd03811e44f8daf6b980bb3e4b, type: 2}
      propertyPath: m_LocalRotation.x
      value: -0
      objectReference: {fileID: 0}
    - target: {fileID: 4089954585227856, guid: 3acaa4fd03811e44f8daf6b980bb3e4b, type: 2}
      propertyPath: m_LocalRotation.y
      value: -0
      objectReference: {fileID: 0}
    - target: {fileID: 4089954585227856, guid: 3acaa4fd03811e44f8daf6b980bb3e4b, type: 2}
      propertyPath: m_LocalRotation.z
      value: -0
      objectReference: {fileID: 0}
    - target: {fileID: 4089954585227856, guid: 3acaa4fd03811e44f8daf6b980bb3e4b, type: 2}
      propertyPath: m_LocalRotation.w
      value: 1
      objectReference: {fileID: 0}
    - target: {fileID: 4089954585227856, guid: 3acaa4fd03811e44f8daf6b980bb3e4b, type: 2}
      propertyPath: m_RootOrder
      value: 1
      objectReference: {fileID: 0}
    - target: {fileID: 1218306565618116, guid: 3acaa4fd03811e44f8daf6b980bb3e4b, type: 2}
      propertyPath: m_Name
      value: torcheAnimation_1 (5)
      objectReference: {fileID: 0}
    m_RemovedComponents: []
  m_ParentPrefab: {fileID: 100100000, guid: 3acaa4fd03811e44f8daf6b980bb3e4b, type: 2}
  m_IsPrefabParent: 0
--- !u!1001 &756855644
Prefab:
  m_ObjectHideFlags: 0
  serializedVersion: 2
  m_Modification:
    m_TransformParent: {fileID: 1891630286}
    m_Modifications:
    - target: {fileID: 4985491827200722, guid: 0f8d5e13d71fca04690abc70ec4e0fdc, type: 2}
      propertyPath: m_LocalPosition.x
      value: 4.6615744
      objectReference: {fileID: 0}
    - target: {fileID: 4985491827200722, guid: 0f8d5e13d71fca04690abc70ec4e0fdc, type: 2}
      propertyPath: m_LocalPosition.y
      value: 4.401117
      objectReference: {fileID: 0}
    - target: {fileID: 4985491827200722, guid: 0f8d5e13d71fca04690abc70ec4e0fdc, type: 2}
      propertyPath: m_LocalPosition.z
      value: 0.1887216
      objectReference: {fileID: 0}
    - target: {fileID: 4985491827200722, guid: 0f8d5e13d71fca04690abc70ec4e0fdc, type: 2}
      propertyPath: m_LocalRotation.x
      value: -0
      objectReference: {fileID: 0}
    - target: {fileID: 4985491827200722, guid: 0f8d5e13d71fca04690abc70ec4e0fdc, type: 2}
      propertyPath: m_LocalRotation.y
      value: -0
      objectReference: {fileID: 0}
    - target: {fileID: 4985491827200722, guid: 0f8d5e13d71fca04690abc70ec4e0fdc, type: 2}
      propertyPath: m_LocalRotation.z
      value: -0
      objectReference: {fileID: 0}
    - target: {fileID: 4985491827200722, guid: 0f8d5e13d71fca04690abc70ec4e0fdc, type: 2}
      propertyPath: m_LocalRotation.w
      value: 1
      objectReference: {fileID: 0}
    - target: {fileID: 4985491827200722, guid: 0f8d5e13d71fca04690abc70ec4e0fdc, type: 2}
      propertyPath: m_RootOrder
      value: 3
      objectReference: {fileID: 0}
    - target: {fileID: 1214936699205168, guid: 0f8d5e13d71fca04690abc70ec4e0fdc, type: 2}
      propertyPath: m_Name
      value: light (3)
      objectReference: {fileID: 0}
    m_RemovedComponents: []
  m_ParentPrefab: {fileID: 100100000, guid: 0f8d5e13d71fca04690abc70ec4e0fdc, type: 2}
  m_IsPrefabParent: 0
--- !u!1 &797292724
GameObject:
  m_ObjectHideFlags: 0
  m_PrefabParentObject: {fileID: 1162474190238778, guid: 00ed8c25e30ae5041843c8c084cae531,
    type: 2}
  m_PrefabInternal: {fileID: 0}
  serializedVersion: 5
  m_Component:
  - component: {fileID: 797292730}
  - component: {fileID: 797292729}
  - component: {fileID: 797292728}
  - component: {fileID: 797292727}
  - component: {fileID: 797292726}
  - component: {fileID: 797292725}
  m_Layer: 0
  m_Name: player 1
  m_TagString: Player
  m_Icon: {fileID: 0}
  m_NavMeshLayer: 0
  m_StaticEditorFlags: 0
  m_IsActive: 1
--- !u!95 &797292725
Animator:
  serializedVersion: 3
  m_ObjectHideFlags: 0
  m_PrefabParentObject: {fileID: 95291764686175910, guid: 00ed8c25e30ae5041843c8c084cae531,
    type: 2}
  m_PrefabInternal: {fileID: 0}
  m_GameObject: {fileID: 797292724}
  m_Enabled: 1
  m_Avatar: {fileID: 0}
  m_Controller: {fileID: 9100000, guid: 612ec7794fbc74a03b66f9a057915993, type: 2}
  m_CullingMode: 0
  m_UpdateMode: 0
  m_ApplyRootMotion: 0
  m_LinearVelocityBlending: 0
  m_WarningMessage: 
  m_HasTransformHierarchy: 1
  m_AllowConstantClipSamplingOptimization: 1
--- !u!61 &797292726
BoxCollider2D:
  m_ObjectHideFlags: 0
  m_PrefabParentObject: {fileID: 61070328934640416, guid: 00ed8c25e30ae5041843c8c084cae531,
    type: 2}
  m_PrefabInternal: {fileID: 0}
  m_GameObject: {fileID: 797292724}
  m_Enabled: 1
  m_Density: 1
  m_Material: {fileID: 0}
  m_IsTrigger: 0
  m_UsedByEffector: 0
  m_UsedByComposite: 0
  m_Offset: {x: 0, y: 0}
  m_SpriteTilingProperty:
    border: {x: 0, y: 0, z: 0, w: 0}
    pivot: {x: 0.5, y: 0.5}
    oldSize: {x: 3.15, y: 3.45}
    newSize: {x: 1, y: 1}
    adaptiveTilingThreshold: 0.5
    drawMode: 0
    adaptiveTiling: 0
  m_AutoTiling: 0
  serializedVersion: 2
  m_Size: {x: 3.2702246, y: 3.7133307}
  m_EdgeRadius: 0
--- !u!50 &797292727
Rigidbody2D:
  serializedVersion: 4
  m_ObjectHideFlags: 0
  m_PrefabParentObject: {fileID: 50803713492668772, guid: 00ed8c25e30ae5041843c8c084cae531,
    type: 2}
  m_PrefabInternal: {fileID: 0}
  m_GameObject: {fileID: 797292724}
  m_BodyType: 0
  m_Simulated: 1
  m_UseFullKinematicContacts: 0
  m_UseAutoMass: 0
  m_Mass: 1
  m_LinearDrag: 0
  m_AngularDrag: 0.05
  m_GravityScale: 0
  m_Material: {fileID: 0}
  m_Interpolate: 0
  m_SleepingMode: 1
  m_CollisionDetection: 0
  m_Constraints: 4
--- !u!114 &797292728
MonoBehaviour:
  m_ObjectHideFlags: 0
  m_PrefabParentObject: {fileID: 114202215213316416, guid: 00ed8c25e30ae5041843c8c084cae531,
    type: 2}
  m_PrefabInternal: {fileID: 0}
  m_GameObject: {fileID: 797292724}
  m_Enabled: 1
  m_EditorHideFlags: 0
  m_Script: {fileID: 11500000, guid: 1c9fc0cd876744c6684d556dc836f6b4, type: 3}
  m_Name: 
  m_EditorClassIdentifier: 
  maxSpeed: {x: 6, y: 6}
  myPos: {x: 0, y: 0, z: 0}
  allMinions: []
  currentMinion: 0
  allFollower: []
--- !u!212 &797292729
SpriteRenderer:
  m_ObjectHideFlags: 0
  m_PrefabParentObject: {fileID: 212126072029691950, guid: 00ed8c25e30ae5041843c8c084cae531,
    type: 2}
  m_PrefabInternal: {fileID: 0}
  m_GameObject: {fileID: 797292724}
  m_Enabled: 1
  m_CastShadows: 0
  m_ReceiveShadows: 0
  m_DynamicOccludee: 1
  m_MotionVectors: 1
  m_LightProbeUsage: 1
  m_ReflectionProbeUsage: 1
  m_Materials:
  - {fileID: 10754, guid: 0000000000000000f000000000000000, type: 0}
  m_StaticBatchInfo:
    firstSubMesh: 0
    subMeshCount: 0
  m_StaticBatchRoot: {fileID: 0}
  m_ProbeAnchor: {fileID: 0}
  m_LightProbeVolumeOverride: {fileID: 0}
  m_ScaleInLightmap: 1
  m_PreserveUVs: 0
  m_IgnoreNormalsForChartDetection: 0
  m_ImportantGI: 0
  m_StitchLightmapSeams: 0
  m_SelectedEditorRenderState: 0
  m_MinimumChartSize: 4
  m_AutoUVMaxDistance: 0.5
  m_AutoUVMaxAngle: 89
  m_LightmapParameters: {fileID: 0}
  m_SortingLayerID: 0
  m_SortingLayer: 0
  m_SortingOrder: 3
  m_Sprite: {fileID: 21300004, guid: 96da93a40b2574a58bfc9aec265e49cb, type: 3}
  m_Color: {r: 1, g: 1, b: 1, a: 1}
  m_FlipX: 0
  m_FlipY: 0
  m_DrawMode: 0
  m_Size: {x: 1, y: 1}
  m_AdaptiveModeThreshold: 0.5
  m_SpriteTileMode: 0
  m_WasSpriteAssigned: 1
  m_MaskInteraction: 0
--- !u!4 &797292730
Transform:
  m_ObjectHideFlags: 0
  m_PrefabParentObject: {fileID: 4868387257545648, guid: 00ed8c25e30ae5041843c8c084cae531,
    type: 2}
  m_PrefabInternal: {fileID: 0}
  m_GameObject: {fileID: 797292724}
  m_LocalRotation: {x: 0, y: 0, z: 0, w: 1}
  m_LocalPosition: {x: -0.08, y: 2.29, z: 0}
  m_LocalScale: {x: 0.25, y: 0.25, z: 1}
  m_Children: []
  m_Father: {fileID: 0}
  m_RootOrder: 3
  m_LocalEulerAnglesHint: {x: 0, y: 0, z: 0}
--- !u!1 &828764009
GameObject:
  m_ObjectHideFlags: 0
  m_PrefabParentObject: {fileID: 0}
  m_PrefabInternal: {fileID: 0}
  serializedVersion: 5
  m_Component:
  - component: {fileID: 828764010}
  m_Layer: 0
  m_Name: Tutorial
  m_TagString: Untagged
  m_Icon: {fileID: 0}
  m_NavMeshLayer: 0
  m_StaticEditorFlags: 0
  m_IsActive: 1
--- !u!4 &828764010
Transform:
  m_ObjectHideFlags: 0
  m_PrefabParentObject: {fileID: 0}
  m_PrefabInternal: {fileID: 0}
  m_GameObject: {fileID: 828764009}
  m_LocalRotation: {x: 0, y: 0, z: 0, w: 1}
  m_LocalPosition: {x: -2.1915746, y: 3.2488828, z: -0.1887216}
  m_LocalScale: {x: 1, y: 1, z: 1}
  m_Children:
  - {fileID: 563992942}
  - {fileID: 1803594073}
  - {fileID: 1971330599}
  - {fileID: 1967655239}
  - {fileID: 1279316720}
  - {fileID: 2007706528}
  m_Father: {fileID: 0}
  m_RootOrder: 5
  m_LocalEulerAnglesHint: {x: 0, y: 0, z: 0}
--- !u!1001 &832298084
Prefab:
  m_ObjectHideFlags: 0
  serializedVersion: 2
  m_Modification:
    m_TransformParent: {fileID: 1891630286}
    m_Modifications:
    - target: {fileID: 4089954585227856, guid: 3acaa4fd03811e44f8daf6b980bb3e4b, type: 2}
      propertyPath: m_LocalPosition.x
      value: -0.52842546
      objectReference: {fileID: 0}
    - target: {fileID: 4089954585227856, guid: 3acaa4fd03811e44f8daf6b980bb3e4b, type: 2}
      propertyPath: m_LocalPosition.y
      value: 4.421117
      objectReference: {fileID: 0}
    - target: {fileID: 4089954585227856, guid: 3acaa4fd03811e44f8daf6b980bb3e4b, type: 2}
      propertyPath: m_LocalPosition.z
      value: 0.1887216
      objectReference: {fileID: 0}
    - target: {fileID: 4089954585227856, guid: 3acaa4fd03811e44f8daf6b980bb3e4b, type: 2}
      propertyPath: m_LocalRotation.x
      value: -0
      objectReference: {fileID: 0}
    - target: {fileID: 4089954585227856, guid: 3acaa4fd03811e44f8daf6b980bb3e4b, type: 2}
      propertyPath: m_LocalRotation.y
      value: -0
      objectReference: {fileID: 0}
    - target: {fileID: 4089954585227856, guid: 3acaa4fd03811e44f8daf6b980bb3e4b, type: 2}
      propertyPath: m_LocalRotation.z
      value: -0
      objectReference: {fileID: 0}
    - target: {fileID: 4089954585227856, guid: 3acaa4fd03811e44f8daf6b980bb3e4b, type: 2}
      propertyPath: m_LocalRotation.w
      value: 1
      objectReference: {fileID: 0}
    - target: {fileID: 4089954585227856, guid: 3acaa4fd03811e44f8daf6b980bb3e4b, type: 2}
      propertyPath: m_RootOrder
      value: 2
      objectReference: {fileID: 0}
    - target: {fileID: 1218306565618116, guid: 3acaa4fd03811e44f8daf6b980bb3e4b, type: 2}
      propertyPath: m_Name
      value: torcheAnimation_1 (2)
      objectReference: {fileID: 0}
    m_RemovedComponents: []
  m_ParentPrefab: {fileID: 100100000, guid: 3acaa4fd03811e44f8daf6b980bb3e4b, type: 2}
  m_IsPrefabParent: 0
--- !u!1 &843199343
GameObject:
  m_ObjectHideFlags: 0
  m_PrefabParentObject: {fileID: 0}
  m_PrefabInternal: {fileID: 0}
  serializedVersion: 5
  m_Component:
  - component: {fileID: 843199344}
  - component: {fileID: 843199347}
  - component: {fileID: 843199346}
  - component: {fileID: 843199345}
  m_Layer: 5
  m_Name: Canvas
  m_TagString: Untagged
  m_Icon: {fileID: 0}
  m_NavMeshLayer: 0
  m_StaticEditorFlags: 0
  m_IsActive: 1
--- !u!224 &843199344
RectTransform:
  m_ObjectHideFlags: 0
  m_PrefabParentObject: {fileID: 0}
  m_PrefabInternal: {fileID: 0}
  m_GameObject: {fileID: 843199343}
  m_LocalRotation: {x: 0, y: 0, z: 0, w: 1}
  m_LocalPosition: {x: 0, y: 0, z: 0}
  m_LocalScale: {x: 0, y: 0, z: 0}
  m_Children:
  - {fileID: 1430754885}
  - {fileID: 272019559}
  m_Father: {fileID: 1389919655}
  m_RootOrder: 0
  m_LocalEulerAnglesHint: {x: 0, y: 0, z: 0}
  m_AnchorMin: {x: 0, y: 0}
  m_AnchorMax: {x: 0, y: 0}
  m_AnchoredPosition: {x: 0, y: 0}
  m_SizeDelta: {x: 0, y: 0}
  m_Pivot: {x: 0, y: 0}
--- !u!114 &843199345
MonoBehaviour:
  m_ObjectHideFlags: 0
  m_PrefabParentObject: {fileID: 0}
  m_PrefabInternal: {fileID: 0}
  m_GameObject: {fileID: 843199343}
  m_Enabled: 1
  m_EditorHideFlags: 0
  m_Script: {fileID: 1301386320, guid: f70555f144d8491a825f0804e09c671c, type: 3}
  m_Name: 
  m_EditorClassIdentifier: 
  m_IgnoreReversedGraphics: 1
  m_BlockingObjects: 0
  m_BlockingMask:
    serializedVersion: 2
    m_Bits: 4294967295
--- !u!114 &843199346
MonoBehaviour:
  m_ObjectHideFlags: 0
  m_PrefabParentObject: {fileID: 0}
  m_PrefabInternal: {fileID: 0}
  m_GameObject: {fileID: 843199343}
  m_Enabled: 1
  m_EditorHideFlags: 0
  m_Script: {fileID: 1980459831, guid: f70555f144d8491a825f0804e09c671c, type: 3}
  m_Name: 
  m_EditorClassIdentifier: 
  m_UiScaleMode: 0
  m_ReferencePixelsPerUnit: 100
  m_ScaleFactor: 1
  m_ReferenceResolution: {x: 800, y: 600}
  m_ScreenMatchMode: 0
  m_MatchWidthOrHeight: 0
  m_PhysicalUnit: 3
  m_FallbackScreenDPI: 96
  m_DefaultSpriteDPI: 96
  m_DynamicPixelsPerUnit: 1
--- !u!223 &843199347
Canvas:
  m_ObjectHideFlags: 0
  m_PrefabParentObject: {fileID: 0}
  m_PrefabInternal: {fileID: 0}
  m_GameObject: {fileID: 843199343}
  m_Enabled: 1
  serializedVersion: 3
  m_RenderMode: 1
  m_Camera: {fileID: 1321493321}
  m_PlaneDistance: 100
  m_PixelPerfect: 1
  m_ReceivesEvents: 1
  m_OverrideSorting: 0
  m_OverridePixelPerfect: 0
  m_SortingBucketNormalizedSize: 0
  m_AdditionalShaderChannelsFlag: 0
  m_SortingLayerID: 847847437
  m_SortingOrder: 100
  m_TargetDisplay: 0
--- !u!4 &992301732 stripped
Transform:
  m_PrefabParentObject: {fileID: 4985491827200722, guid: 0f8d5e13d71fca04690abc70ec4e0fdc,
    type: 2}
  m_PrefabInternal: {fileID: 102377437}
--- !u!4 &1110402003 stripped
Transform:
  m_PrefabParentObject: {fileID: 4089954585227856, guid: 3acaa4fd03811e44f8daf6b980bb3e4b,
    type: 2}
  m_PrefabInternal: {fileID: 752893925}
--- !u!1001 &1130070119
Prefab:
  m_ObjectHideFlags: 0
  serializedVersion: 2
  m_Modification:
    m_TransformParent: {fileID: 47520346}
    m_Modifications:
    - target: {fileID: 4089954585227856, guid: 3acaa4fd03811e44f8daf6b980bb3e4b, type: 2}
      propertyPath: m_LocalPosition.x
      value: 8.311575
      objectReference: {fileID: 0}
    - target: {fileID: 4089954585227856, guid: 3acaa4fd03811e44f8daf6b980bb3e4b, type: 2}
      propertyPath: m_LocalPosition.y
      value: 1.9111165
      objectReference: {fileID: 0}
    - target: {fileID: 4089954585227856, guid: 3acaa4fd03811e44f8daf6b980bb3e4b, type: 2}
      propertyPath: m_LocalPosition.z
      value: 0.1887216
      objectReference: {fileID: 0}
    - target: {fileID: 4089954585227856, guid: 3acaa4fd03811e44f8daf6b980bb3e4b, type: 2}
      propertyPath: m_LocalRotation.x
      value: -0
      objectReference: {fileID: 0}
    - target: {fileID: 4089954585227856, guid: 3acaa4fd03811e44f8daf6b980bb3e4b, type: 2}
      propertyPath: m_LocalRotation.y
      value: -0
      objectReference: {fileID: 0}
    - target: {fileID: 4089954585227856, guid: 3acaa4fd03811e44f8daf6b980bb3e4b, type: 2}
      propertyPath: m_LocalRotation.z
      value: -0
      objectReference: {fileID: 0}
    - target: {fileID: 4089954585227856, guid: 3acaa4fd03811e44f8daf6b980bb3e4b, type: 2}
      propertyPath: m_LocalRotation.w
      value: 1
      objectReference: {fileID: 0}
    - target: {fileID: 4089954585227856, guid: 3acaa4fd03811e44f8daf6b980bb3e4b, type: 2}
      propertyPath: m_RootOrder
      value: 2
      objectReference: {fileID: 0}
    - target: {fileID: 1218306565618116, guid: 3acaa4fd03811e44f8daf6b980bb3e4b, type: 2}
      propertyPath: m_Name
      value: torcheAnimation_1 (4)
      objectReference: {fileID: 0}
    m_RemovedComponents: []
  m_ParentPrefab: {fileID: 100100000, guid: 3acaa4fd03811e44f8daf6b980bb3e4b, type: 2}
  m_IsPrefabParent: 0
--- !u!1001 &1140309729
Prefab:
  m_ObjectHideFlags: 0
  serializedVersion: 2
  m_Modification:
    m_TransformParent: {fileID: 828764010}
    m_Modifications:
    - target: {fileID: 4985491827200722, guid: 0f8d5e13d71fca04690abc70ec4e0fdc, type: 2}
      propertyPath: m_LocalPosition.x
      value: -4.3084254
      objectReference: {fileID: 0}
    - target: {fileID: 4985491827200722, guid: 0f8d5e13d71fca04690abc70ec4e0fdc, type: 2}
      propertyPath: m_LocalPosition.y
      value: -3.4888835
      objectReference: {fileID: 0}
    - target: {fileID: 4985491827200722, guid: 0f8d5e13d71fca04690abc70ec4e0fdc, type: 2}
      propertyPath: m_LocalPosition.z
      value: 0.1887216
      objectReference: {fileID: 0}
    - target: {fileID: 4985491827200722, guid: 0f8d5e13d71fca04690abc70ec4e0fdc, type: 2}
      propertyPath: m_LocalRotation.x
      value: -0
      objectReference: {fileID: 0}
    - target: {fileID: 4985491827200722, guid: 0f8d5e13d71fca04690abc70ec4e0fdc, type: 2}
      propertyPath: m_LocalRotation.y
      value: -0
      objectReference: {fileID: 0}
    - target: {fileID: 4985491827200722, guid: 0f8d5e13d71fca04690abc70ec4e0fdc, type: 2}
      propertyPath: m_LocalRotation.z
      value: -0
      objectReference: {fileID: 0}
    - target: {fileID: 4985491827200722, guid: 0f8d5e13d71fca04690abc70ec4e0fdc, type: 2}
      propertyPath: m_LocalRotation.w
      value: 1
      objectReference: {fileID: 0}
    - target: {fileID: 4985491827200722, guid: 0f8d5e13d71fca04690abc70ec4e0fdc, type: 2}
      propertyPath: m_RootOrder
      value: 4
      objectReference: {fileID: 0}
    m_RemovedComponents: []
  m_ParentPrefab: {fileID: 100100000, guid: 0f8d5e13d71fca04690abc70ec4e0fdc, type: 2}
  m_IsPrefabParent: 0
--- !u!1001 &1193507882
Prefab:
  m_ObjectHideFlags: 0
  serializedVersion: 2
  m_Modification:
    m_TransformParent: {fileID: 1891630286}
    m_Modifications:
    - target: {fileID: 4089954585227856, guid: 3acaa4fd03811e44f8daf6b980bb3e4b, type: 2}
      propertyPath: m_LocalPosition.x
      value: 4.6215744
      objectReference: {fileID: 0}
    - target: {fileID: 4089954585227856, guid: 3acaa4fd03811e44f8daf6b980bb3e4b, type: 2}
      propertyPath: m_LocalPosition.y
      value: 4.4711165
      objectReference: {fileID: 0}
    - target: {fileID: 4089954585227856, guid: 3acaa4fd03811e44f8daf6b980bb3e4b, type: 2}
      propertyPath: m_LocalPosition.z
      value: 0.1887216
      objectReference: {fileID: 0}
    - target: {fileID: 4089954585227856, guid: 3acaa4fd03811e44f8daf6b980bb3e4b, type: 2}
      propertyPath: m_LocalRotation.x
      value: -0
      objectReference: {fileID: 0}
    - target: {fileID: 4089954585227856, guid: 3acaa4fd03811e44f8daf6b980bb3e4b, type: 2}
      propertyPath: m_LocalRotation.y
      value: -0
      objectReference: {fileID: 0}
    - target: {fileID: 4089954585227856, guid: 3acaa4fd03811e44f8daf6b980bb3e4b, type: 2}
      propertyPath: m_LocalRotation.z
      value: -0
      objectReference: {fileID: 0}
    - target: {fileID: 4089954585227856, guid: 3acaa4fd03811e44f8daf6b980bb3e4b, type: 2}
      propertyPath: m_LocalRotation.w
      value: 1
      objectReference: {fileID: 0}
    - target: {fileID: 4089954585227856, guid: 3acaa4fd03811e44f8daf6b980bb3e4b, type: 2}
      propertyPath: m_RootOrder
      value: 1
      objectReference: {fileID: 0}
    - target: {fileID: 1218306565618116, guid: 3acaa4fd03811e44f8daf6b980bb3e4b, type: 2}
      propertyPath: m_Name
      value: torcheAnimation_1 (3)
      objectReference: {fileID: 0}
    m_RemovedComponents: []
  m_ParentPrefab: {fileID: 100100000, guid: 3acaa4fd03811e44f8daf6b980bb3e4b, type: 2}
  m_IsPrefabParent: 0
--- !u!1001 &1264217455
Prefab:
  m_ObjectHideFlags: 0
  serializedVersion: 2
  m_Modification:
    m_TransformParent: {fileID: 2056359730}
    m_Modifications:
    - target: {fileID: 4985491827200722, guid: 0f8d5e13d71fca04690abc70ec4e0fdc, type: 2}
      propertyPath: m_LocalPosition.x
      value: -2.28
      objectReference: {fileID: 0}
    - target: {fileID: 4985491827200722, guid: 0f8d5e13d71fca04690abc70ec4e0fdc, type: 2}
      propertyPath: m_LocalPosition.y
      value: -0.30999947
      objectReference: {fileID: 0}
    - target: {fileID: 4985491827200722, guid: 0f8d5e13d71fca04690abc70ec4e0fdc, type: 2}
      propertyPath: m_LocalPosition.z
      value: -0.12029794
      objectReference: {fileID: 0}
    - target: {fileID: 4985491827200722, guid: 0f8d5e13d71fca04690abc70ec4e0fdc, type: 2}
      propertyPath: m_LocalRotation.x
      value: -0
      objectReference: {fileID: 0}
    - target: {fileID: 4985491827200722, guid: 0f8d5e13d71fca04690abc70ec4e0fdc, type: 2}
      propertyPath: m_LocalRotation.y
      value: -0
      objectReference: {fileID: 0}
    - target: {fileID: 4985491827200722, guid: 0f8d5e13d71fca04690abc70ec4e0fdc, type: 2}
      propertyPath: m_LocalRotation.z
      value: -0
      objectReference: {fileID: 0}
    - target: {fileID: 4985491827200722, guid: 0f8d5e13d71fca04690abc70ec4e0fdc, type: 2}
      propertyPath: m_LocalRotation.w
      value: 1
      objectReference: {fileID: 0}
    - target: {fileID: 4985491827200722, guid: 0f8d5e13d71fca04690abc70ec4e0fdc, type: 2}
      propertyPath: m_RootOrder
      value: 4
      objectReference: {fileID: 0}
    - target: {fileID: 1214936699205168, guid: 0f8d5e13d71fca04690abc70ec4e0fdc, type: 2}
      propertyPath: m_Name
      value: light (2)
      objectReference: {fileID: 0}
    m_RemovedComponents: []
  m_ParentPrefab: {fileID: 100100000, guid: 0f8d5e13d71fca04690abc70ec4e0fdc, type: 2}
  m_IsPrefabParent: 0
--- !u!4 &1264217456 stripped
Transform:
  m_PrefabParentObject: {fileID: 4985491827200722, guid: 0f8d5e13d71fca04690abc70ec4e0fdc,
    type: 2}
  m_PrefabInternal: {fileID: 1264217455}
--- !u!4 &1279316720 stripped
Transform:
  m_PrefabParentObject: {fileID: 4985491827200722, guid: 0f8d5e13d71fca04690abc70ec4e0fdc,
    type: 2}
  m_PrefabInternal: {fileID: 1140309729}
--- !u!1001 &1291387041
Prefab:
  m_ObjectHideFlags: 0
  serializedVersion: 2
  m_Modification:
    m_TransformParent: {fileID: 828764010}
    m_Modifications:
    - target: {fileID: 4089954585227856, guid: 3acaa4fd03811e44f8daf6b980bb3e4b, type: 2}
      propertyPath: m_LocalPosition.x
      value: -4.4384255
      objectReference: {fileID: 0}
    - target: {fileID: 4089954585227856, guid: 3acaa4fd03811e44f8daf6b980bb3e4b, type: 2}
      propertyPath: m_LocalPosition.y
      value: 1.7711166
      objectReference: {fileID: 0}
    - target: {fileID: 4089954585227856, guid: 3acaa4fd03811e44f8daf6b980bb3e4b, type: 2}
      propertyPath: m_LocalPosition.z
      value: 0.1887216
      objectReference: {fileID: 0}
    - target: {fileID: 4089954585227856, guid: 3acaa4fd03811e44f8daf6b980bb3e4b, type: 2}
      propertyPath: m_LocalRotation.x
      value: -0
      objectReference: {fileID: 0}
    - target: {fileID: 4089954585227856, guid: 3acaa4fd03811e44f8daf6b980bb3e4b, type: 2}
      propertyPath: m_LocalRotation.y
      value: -0
      objectReference: {fileID: 0}
    - target: {fileID: 4089954585227856, guid: 3acaa4fd03811e44f8daf6b980bb3e4b, type: 2}
      propertyPath: m_LocalRotation.z
      value: -0
      objectReference: {fileID: 0}
    - target: {fileID: 4089954585227856, guid: 3acaa4fd03811e44f8daf6b980bb3e4b, type: 2}
      propertyPath: m_LocalRotation.w
      value: 1
      objectReference: {fileID: 0}
    - target: {fileID: 4089954585227856, guid: 3acaa4fd03811e44f8daf6b980bb3e4b, type: 2}
      propertyPath: m_RootOrder
      value: 2
      objectReference: {fileID: 0}
    m_RemovedComponents: []
  m_ParentPrefab: {fileID: 100100000, guid: 3acaa4fd03811e44f8daf6b980bb3e4b, type: 2}
  m_IsPrefabParent: 0
--- !u!4 &1309428313 stripped
Transform:
  m_PrefabParentObject: {fileID: 4985491827200722, guid: 0f8d5e13d71fca04690abc70ec4e0fdc,
    type: 2}
  m_PrefabInternal: {fileID: 3062699}
--- !u!1 &1321493316
GameObject:
  m_ObjectHideFlags: 0
  m_PrefabParentObject: {fileID: 0}
  m_PrefabInternal: {fileID: 0}
  serializedVersion: 5
  m_Component:
  - component: {fileID: 1321493317}
  - component: {fileID: 1321493321}
  - component: {fileID: 1321493320}
  - component: {fileID: 1321493319}
  - component: {fileID: 1321493318}
  m_Layer: 0
  m_Name: Main Camera
  m_TagString: MainCamera
  m_Icon: {fileID: 0}
  m_NavMeshLayer: 0
  m_StaticEditorFlags: 0
  m_IsActive: 1
--- !u!4 &1321493317
Transform:
  m_ObjectHideFlags: 0
  m_PrefabParentObject: {fileID: 0}
  m_PrefabInternal: {fileID: 0}
  m_GameObject: {fileID: 1321493316}
  m_LocalRotation: {x: 0, y: 0, z: 0, w: 1}
  m_LocalPosition: {x: -0.08, y: 2.47, z: -10}
  m_LocalScale: {x: 1, y: 1, z: 1}
  m_Children: []
  m_Father: {fileID: 0}
  m_RootOrder: 0
  m_LocalEulerAnglesHint: {x: 0, y: 0, z: 0}
--- !u!114 &1321493318
MonoBehaviour:
  m_ObjectHideFlags: 0
  m_PrefabParentObject: {fileID: 0}
  m_PrefabInternal: {fileID: 0}
  m_GameObject: {fileID: 1321493316}
  m_Enabled: 1
  m_EditorHideFlags: 0
  m_Script: {fileID: 11500000, guid: 916c91a21ab3cc04882e58617cc8e492, type: 3}
  m_Name: 
  m_EditorClassIdentifier: 
  player: {fileID: 797292724}
--- !u!81 &1321493319
AudioListener:
  m_ObjectHideFlags: 0
  m_PrefabParentObject: {fileID: 0}
  m_PrefabInternal: {fileID: 0}
  m_GameObject: {fileID: 1321493316}
  m_Enabled: 1
--- !u!124 &1321493320
Behaviour:
  m_ObjectHideFlags: 0
  m_PrefabParentObject: {fileID: 0}
  m_PrefabInternal: {fileID: 0}
  m_GameObject: {fileID: 1321493316}
  m_Enabled: 1
--- !u!20 &1321493321
Camera:
  m_ObjectHideFlags: 0
  m_PrefabParentObject: {fileID: 0}
  m_PrefabInternal: {fileID: 0}
  m_GameObject: {fileID: 1321493316}
  m_Enabled: 1
  serializedVersion: 2
  m_ClearFlags: 1
  m_BackGroundColor: {r: 0, g: 0, b: 0, a: 0}
  m_NormalizedViewPortRect:
    serializedVersion: 2
    x: 0
    y: 0
    width: 1
    height: 1
  near clip plane: 0.3
  far clip plane: 1000
  field of view: 60
  orthographic: 1
  orthographic size: 5
  m_Depth: -1
  m_CullingMask:
    serializedVersion: 2
    m_Bits: 4294967295
  m_RenderingPath: -1
  m_TargetTexture: {fileID: 0}
  m_TargetDisplay: 0
  m_TargetEye: 3
  m_HDR: 1
  m_AllowMSAA: 1
  m_AllowDynamicResolution: 0
  m_ForceIntoRT: 0
  m_OcclusionCulling: 1
  m_StereoConvergence: 10
  m_StereoSeparation: 0.022
--- !u!4 &1385563133 stripped
Transform:
  m_PrefabParentObject: {fileID: 4985491827200722, guid: 0f8d5e13d71fca04690abc70ec4e0fdc,
    type: 2}
  m_PrefabInternal: {fileID: 1407320232}
--- !u!1 &1389919651
GameObject:
  m_ObjectHideFlags: 0
  m_PrefabParentObject: {fileID: 0}
  m_PrefabInternal: {fileID: 0}
  serializedVersion: 5
  m_Component:
  - component: {fileID: 1389919655}
  - component: {fileID: 1389919654}
  - component: {fileID: 1389919653}
  - component: {fileID: 1389919652}
  m_Layer: 0
  m_Name: Controller
  m_TagString: Untagged
  m_Icon: {fileID: 0}
  m_NavMeshLayer: 0
  m_StaticEditorFlags: 0
  m_IsActive: 1
--- !u!114 &1389919652
MonoBehaviour:
  m_ObjectHideFlags: 0
  m_PrefabParentObject: {fileID: 0}
  m_PrefabInternal: {fileID: 0}
  m_GameObject: {fileID: 1389919651}
  m_Enabled: 1
  m_EditorHideFlags: 0
  m_Script: {fileID: 11500000, guid: eef13cec198d64b378b9efb23c012749, type: 3}
  m_Name: 
  m_EditorClassIdentifier: 
  Minutes: 15
  Seconds: 0
  m_text: {fileID: 1430754883}
--- !u!114 &1389919653
MonoBehaviour:
  m_ObjectHideFlags: 0
  m_PrefabParentObject: {fileID: 0}
  m_PrefabInternal: {fileID: 0}
  m_GameObject: {fileID: 1389919651}
  m_Enabled: 1
  m_EditorHideFlags: 0
  m_Script: {fileID: 11500000, guid: 7e3076e1bb3025c41b4d6fc2485dc41e, type: 3}
  m_Name: 
  m_EditorClassIdentifier: 
--- !u!82 &1389919654
AudioSource:
  m_ObjectHideFlags: 0
  m_PrefabParentObject: {fileID: 0}
  m_PrefabInternal: {fileID: 0}
  m_GameObject: {fileID: 1389919651}
  m_Enabled: 1
  serializedVersion: 4
  OutputAudioMixerGroup: {fileID: 0}
  m_audioClip: {fileID: 8300000, guid: 6ce7f55ceeb3ddb40b308352417691af, type: 3}
  m_PlayOnAwake: 1
  m_Volume: 1
  m_Pitch: 1
  Loop: 1
  Mute: 0
  Spatialize: 0
  SpatializePostEffects: 0
  Priority: 128
  DopplerLevel: 1
  MinDistance: 1
  MaxDistance: 500
  Pan2D: 0
  rolloffMode: 0
  BypassEffects: 0
  BypassListenerEffects: 0
  BypassReverbZones: 0
  rolloffCustomCurve:
    serializedVersion: 2
    m_Curve:
    - serializedVersion: 2
      time: 0
      value: 1
      inSlope: 0
      outSlope: 0
      tangentMode: 0
    - serializedVersion: 2
      time: 1
      value: 0
      inSlope: 0
      outSlope: 0
      tangentMode: 0
    m_PreInfinity: 2
    m_PostInfinity: 2
    m_RotationOrder: 4
  panLevelCustomCurve:
    serializedVersion: 2
    m_Curve:
    - serializedVersion: 2
      time: 0
      value: 0
      inSlope: 0
      outSlope: 0
      tangentMode: 0
    m_PreInfinity: 2
    m_PostInfinity: 2
    m_RotationOrder: 0
  spreadCustomCurve:
    serializedVersion: 2
    m_Curve:
    - serializedVersion: 2
      time: 0
      value: 0
      inSlope: 0
      outSlope: 0
      tangentMode: 0
    m_PreInfinity: 2
    m_PostInfinity: 2
    m_RotationOrder: 4
  reverbZoneMixCustomCurve:
    serializedVersion: 2
    m_Curve:
    - serializedVersion: 2
      time: 0
      value: 1
      inSlope: 0
      outSlope: 0
      tangentMode: 0
    m_PreInfinity: 2
    m_PostInfinity: 2
    m_RotationOrder: 0
--- !u!4 &1389919655
Transform:
  m_ObjectHideFlags: 0
  m_PrefabParentObject: {fileID: 0}
  m_PrefabInternal: {fileID: 0}
  m_GameObject: {fileID: 1389919651}
  m_LocalRotation: {x: 0, y: 0, z: 0, w: 1}
  m_LocalPosition: {x: -0.9461998, y: 2.2951765, z: -0.12889737}
  m_LocalScale: {x: 1, y: 1, z: 1}
  m_Children:
  - {fileID: 843199344}
  m_Father: {fileID: 0}
  m_RootOrder: 8
  m_LocalEulerAnglesHint: {x: 0, y: 0, z: 0}
--- !u!1001 &1407320232
Prefab:
  m_ObjectHideFlags: 0
  serializedVersion: 2
  m_Modification:
    m_TransformParent: {fileID: 47520346}
    m_Modifications:
    - target: {fileID: 4985491827200722, guid: 0f8d5e13d71fca04690abc70ec4e0fdc, type: 2}
      propertyPath: m_LocalPosition.x
      value: 8.421575
      objectReference: {fileID: 0}
    - target: {fileID: 4985491827200722, guid: 0f8d5e13d71fca04690abc70ec4e0fdc, type: 2}
      propertyPath: m_LocalPosition.y
      value: 1.7411166
      objectReference: {fileID: 0}
    - target: {fileID: 4985491827200722, guid: 0f8d5e13d71fca04690abc70ec4e0fdc, type: 2}
      propertyPath: m_LocalPosition.z
      value: 0.1887216
      objectReference: {fileID: 0}
    - target: {fileID: 4985491827200722, guid: 0f8d5e13d71fca04690abc70ec4e0fdc, type: 2}
      propertyPath: m_LocalRotation.x
      value: -0
      objectReference: {fileID: 0}
    - target: {fileID: 4985491827200722, guid: 0f8d5e13d71fca04690abc70ec4e0fdc, type: 2}
      propertyPath: m_LocalRotation.y
      value: -0
      objectReference: {fileID: 0}
    - target: {fileID: 4985491827200722, guid: 0f8d5e13d71fca04690abc70ec4e0fdc, type: 2}
      propertyPath: m_LocalRotation.z
      value: -0
      objectReference: {fileID: 0}
    - target: {fileID: 4985491827200722, guid: 0f8d5e13d71fca04690abc70ec4e0fdc, type: 2}
      propertyPath: m_LocalRotation.w
      value: 1
      objectReference: {fileID: 0}
    - target: {fileID: 4985491827200722, guid: 0f8d5e13d71fca04690abc70ec4e0fdc, type: 2}
      propertyPath: m_RootOrder
      value: 4
      objectReference: {fileID: 0}
    - target: {fileID: 1214936699205168, guid: 0f8d5e13d71fca04690abc70ec4e0fdc, type: 2}
      propertyPath: m_Name
      value: light (4)
      objectReference: {fileID: 0}
    m_RemovedComponents: []
  m_ParentPrefab: {fileID: 100100000, guid: 0f8d5e13d71fca04690abc70ec4e0fdc, type: 2}
  m_IsPrefabParent: 0
--- !u!1 &1430754882
GameObject:
  m_ObjectHideFlags: 0
  m_PrefabParentObject: {fileID: 0}
  m_PrefabInternal: {fileID: 0}
  serializedVersion: 5
  m_Component:
  - component: {fileID: 1430754885}
  - component: {fileID: 1430754884}
  - component: {fileID: 1430754883}
  m_Layer: 5
  m_Name: Text
  m_TagString: Untagged
  m_Icon: {fileID: 0}
  m_NavMeshLayer: 0
  m_StaticEditorFlags: 0
  m_IsActive: 1
--- !u!114 &1430754883
MonoBehaviour:
  m_ObjectHideFlags: 0
  m_PrefabParentObject: {fileID: 0}
  m_PrefabInternal: {fileID: 0}
  m_GameObject: {fileID: 1430754882}
  m_Enabled: 1
  m_EditorHideFlags: 0
  m_Script: {fileID: 708705254, guid: f70555f144d8491a825f0804e09c671c, type: 3}
  m_Name: 
  m_EditorClassIdentifier: 
  m_Material: {fileID: 0}
  m_Color: {r: 1, g: 1, b: 1, a: 1}
  m_RaycastTarget: 1
  m_OnCullStateChanged:
    m_PersistentCalls:
      m_Calls: []
    m_TypeName: UnityEngine.UI.MaskableGraphic+CullStateChangedEvent, UnityEngine.UI,
      Version=1.0.0.0, Culture=neutral, PublicKeyToken=null
  m_FontData:
    m_Font: {fileID: 12800000, guid: fc4b62cd67769e146be324a30cfda367, type: 3}
    m_FontSize: 26
    m_FontStyle: 1
    m_BestFit: 0
    m_MinSize: 0
    m_MaxSize: 150
    m_Alignment: 0
    m_AlignByGeometry: 0
    m_RichText: 1
    m_HorizontalOverflow: 0
    m_VerticalOverflow: 0
    m_LineSpacing: 1
  m_Text: 'Temps : 0:00'
--- !u!222 &1430754884
CanvasRenderer:
  m_ObjectHideFlags: 0
  m_PrefabParentObject: {fileID: 0}
  m_PrefabInternal: {fileID: 0}
  m_GameObject: {fileID: 1430754882}
--- !u!224 &1430754885
RectTransform:
  m_ObjectHideFlags: 0
  m_PrefabParentObject: {fileID: 0}
  m_PrefabInternal: {fileID: 0}
  m_GameObject: {fileID: 1430754882}
  m_LocalRotation: {x: 0, y: 0, z: 0, w: 1}
  m_LocalPosition: {x: 0, y: 0, z: 0}
  m_LocalScale: {x: 1, y: 1, z: 1}
  m_Children: []
  m_Father: {fileID: 843199344}
  m_RootOrder: 0
  m_LocalEulerAnglesHint: {x: 0, y: 0, z: 0}
  m_AnchorMin: {x: 1, y: 1}
  m_AnchorMax: {x: 1, y: 1}
  m_AnchoredPosition: {x: -73.4, y: -56.3}
  m_SizeDelta: {x: 146.8, y: 87.3}
  m_Pivot: {x: 0.5, y: 0.5}
--- !u!4 &1444985493 stripped
Transform:
  m_PrefabParentObject: {fileID: 4756355475633182, guid: 47a72ce84b7704242976aa15fea57734,
    type: 2}
  m_PrefabInternal: {fileID: 651990393}
--- !u!1001 &1508202535
Prefab:
  m_ObjectHideFlags: 0
  serializedVersion: 2
  m_Modification:
    m_TransformParent: {fileID: 47520346}
    m_Modifications:
    - target: {fileID: 4756355475633182, guid: 47a72ce84b7704242976aa15fea57734, type: 2}
      propertyPath: m_LocalPosition.x
      value: 11.05
      objectReference: {fileID: 0}
    - target: {fileID: 4756355475633182, guid: 47a72ce84b7704242976aa15fea57734, type: 2}
      propertyPath: m_LocalPosition.y
      value: -0.78
      objectReference: {fileID: 0}
    - target: {fileID: 4756355475633182, guid: 47a72ce84b7704242976aa15fea57734, type: 2}
      propertyPath: m_LocalPosition.z
      value: 0.1887216
      objectReference: {fileID: 0}
    - target: {fileID: 4756355475633182, guid: 47a72ce84b7704242976aa15fea57734, type: 2}
      propertyPath: m_LocalRotation.x
      value: -0
      objectReference: {fileID: 0}
    - target: {fileID: 4756355475633182, guid: 47a72ce84b7704242976aa15fea57734, type: 2}
      propertyPath: m_LocalRotation.y
      value: -0
      objectReference: {fileID: 0}
    - target: {fileID: 4756355475633182, guid: 47a72ce84b7704242976aa15fea57734, type: 2}
      propertyPath: m_LocalRotation.z
      value: -0
      objectReference: {fileID: 0}
    - target: {fileID: 4756355475633182, guid: 47a72ce84b7704242976aa15fea57734, type: 2}
      propertyPath: m_LocalRotation.w
      value: 1
      objectReference: {fileID: 0}
    - target: {fileID: 4756355475633182, guid: 47a72ce84b7704242976aa15fea57734, type: 2}
      propertyPath: m_RootOrder
      value: 0
      objectReference: {fileID: 0}
    - target: {fileID: 1731271724930478, guid: 47a72ce84b7704242976aa15fea57734, type: 2}
      propertyPath: m_Name
      value: Exit (2)
      objectReference: {fileID: 0}
    - target: {fileID: 61692809535574728, guid: 47a72ce84b7704242976aa15fea57734,
        type: 2}
      propertyPath: m_IsTrigger
      value: 1
      objectReference: {fileID: 0}
    - target: {fileID: 212919553047585098, guid: 47a72ce84b7704242976aa15fea57734,
        type: 2}
      propertyPath: m_Sprite
      value: 
      objectReference: {fileID: 21300000, guid: e80daa823456456408cbf8d2af9b89a3,
        type: 3}
    - target: {fileID: 212919553047585098, guid: 47a72ce84b7704242976aa15fea57734,
        type: 2}
      propertyPath: m_Size.x
      value: 1.76
      objectReference: {fileID: 0}
    - target: {fileID: 212919553047585098, guid: 47a72ce84b7704242976aa15fea57734,
        type: 2}
      propertyPath: m_Size.y
      value: 1.75
      objectReference: {fileID: 0}
    - target: {fileID: 212919553047585098, guid: 47a72ce84b7704242976aa15fea57734,
        type: 2}
      propertyPath: m_WasSpriteAssigned
      value: 1
      objectReference: {fileID: 0}
    - target: {fileID: 4756355475633182, guid: 47a72ce84b7704242976aa15fea57734, type: 2}
      propertyPath: m_LocalScale.x
      value: 2
      objectReference: {fileID: 0}
    - target: {fileID: 4756355475633182, guid: 47a72ce84b7704242976aa15fea57734, type: 2}
      propertyPath: m_LocalScale.y
      value: 2
      objectReference: {fileID: 0}
    - target: {fileID: 4756355475633182, guid: 47a72ce84b7704242976aa15fea57734, type: 2}
      propertyPath: m_LocalScale.z
      value: 1.4777035
      objectReference: {fileID: 0}
    - target: {fileID: 114689861012012310, guid: 47a72ce84b7704242976aa15fea57734,
        type: 2}
      propertyPath: scene
      value: demo_cinematique
      objectReference: {fileID: 0}
    - target: {fileID: 61692809535574728, guid: 47a72ce84b7704242976aa15fea57734,
        type: 2}
      propertyPath: m_SpriteTilingProperty.oldSize.x
      value: 1.76
      objectReference: {fileID: 0}
    - target: {fileID: 61692809535574728, guid: 47a72ce84b7704242976aa15fea57734,
        type: 2}
      propertyPath: m_SpriteTilingProperty.oldSize.y
      value: 1.75
      objectReference: {fileID: 0}
    - target: {fileID: 61692809535574728, guid: 47a72ce84b7704242976aa15fea57734,
        type: 2}
      propertyPath: m_SpriteTilingProperty.newSize.x
      value: 1.76
      objectReference: {fileID: 0}
    - target: {fileID: 61692809535574728, guid: 47a72ce84b7704242976aa15fea57734,
        type: 2}
      propertyPath: m_SpriteTilingProperty.newSize.y
      value: 1.75
      objectReference: {fileID: 0}
    m_RemovedComponents: []
  m_ParentPrefab: {fileID: 100100000, guid: 47a72ce84b7704242976aa15fea57734, type: 2}
  m_IsPrefabParent: 0
--- !u!1 &1508249158
GameObject:
  m_ObjectHideFlags: 0
  m_PrefabParentObject: {fileID: 0}
  m_PrefabInternal: {fileID: 0}
  serializedVersion: 5
  m_Component:
  - component: {fileID: 1508249160}
  - component: {fileID: 1508249159}
  m_Layer: 0
  m_Name: carpet
  m_TagString: Untagged
  m_Icon: {fileID: 0}
  m_NavMeshLayer: 0
  m_StaticEditorFlags: 0
  m_IsActive: 1
--- !u!212 &1508249159
SpriteRenderer:
  m_ObjectHideFlags: 0
  m_PrefabParentObject: {fileID: 0}
  m_PrefabInternal: {fileID: 0}
  m_GameObject: {fileID: 1508249158}
  m_Enabled: 1
  m_CastShadows: 0
  m_ReceiveShadows: 0
  m_DynamicOccludee: 1
  m_MotionVectors: 1
  m_LightProbeUsage: 1
  m_ReflectionProbeUsage: 1
  m_Materials:
  - {fileID: 10754, guid: 0000000000000000f000000000000000, type: 0}
  m_StaticBatchInfo:
    firstSubMesh: 0
    subMeshCount: 0
  m_StaticBatchRoot: {fileID: 0}
  m_ProbeAnchor: {fileID: 0}
  m_LightProbeVolumeOverride: {fileID: 0}
  m_ScaleInLightmap: 1
  m_PreserveUVs: 0
  m_IgnoreNormalsForChartDetection: 0
  m_ImportantGI: 0
  m_StitchLightmapSeams: 0
  m_SelectedEditorRenderState: 0
  m_MinimumChartSize: 4
  m_AutoUVMaxDistance: 0.5
  m_AutoUVMaxAngle: 89
  m_LightmapParameters: {fileID: 0}
  m_SortingLayerID: 0
  m_SortingLayer: 0
  m_SortingOrder: 0
  m_Sprite: {fileID: 21300000, guid: e80daa823456456408cbf8d2af9b89a3, type: 3}
  m_Color: {r: 1, g: 1, b: 1, a: 1}
  m_FlipX: 0
  m_FlipY: 0
  m_DrawMode: 0
  m_Size: {x: 1.76, y: 1.75}
  m_AdaptiveModeThreshold: 0.5
  m_SpriteTileMode: 0
  m_WasSpriteAssigned: 1
  m_MaskInteraction: 0
--- !u!4 &1508249160
Transform:
  m_ObjectHideFlags: 0
  m_PrefabParentObject: {fileID: 0}
  m_PrefabInternal: {fileID: 0}
  m_GameObject: {fileID: 1508249158}
  m_LocalRotation: {x: 0, y: 0, z: 0, w: 1}
  m_LocalPosition: {x: -0.1, y: 2.28, z: 0}
  m_LocalScale: {x: 1, y: 1, z: 1}
  m_Children: []
  m_Father: {fileID: 0}
  m_RootOrder: 9
  m_LocalEulerAnglesHint: {x: 0, y: 0, z: 0}
--- !u!1001 &1569073958
Prefab:
  m_ObjectHideFlags: 0
  serializedVersion: 2
  m_Modification:
    m_TransformParent: {fileID: 828764010}
    m_Modifications:
    - target: {fileID: 4756355475633182, guid: 47a72ce84b7704242976aa15fea57734, type: 2}
      propertyPath: m_LocalPosition.x
      value: -6.9384255
      objectReference: {fileID: 0}
    - target: {fileID: 4756355475633182, guid: 47a72ce84b7704242976aa15fea57734, type: 2}
      propertyPath: m_LocalPosition.y
      value: -0.7
      objectReference: {fileID: 0}
    - target: {fileID: 4756355475633182, guid: 47a72ce84b7704242976aa15fea57734, type: 2}
      propertyPath: m_LocalPosition.z
      value: 0.1887216
      objectReference: {fileID: 0}
    - target: {fileID: 4756355475633182, guid: 47a72ce84b7704242976aa15fea57734, type: 2}
      propertyPath: m_LocalRotation.x
      value: -0
      objectReference: {fileID: 0}
    - target: {fileID: 4756355475633182, guid: 47a72ce84b7704242976aa15fea57734, type: 2}
      propertyPath: m_LocalRotation.y
      value: -0
      objectReference: {fileID: 0}
    - target: {fileID: 4756355475633182, guid: 47a72ce84b7704242976aa15fea57734, type: 2}
      propertyPath: m_LocalRotation.z
      value: -0
      objectReference: {fileID: 0}
    - target: {fileID: 4756355475633182, guid: 47a72ce84b7704242976aa15fea57734, type: 2}
      propertyPath: m_LocalRotation.w
      value: 1
      objectReference: {fileID: 0}
    - target: {fileID: 4756355475633182, guid: 47a72ce84b7704242976aa15fea57734, type: 2}
      propertyPath: m_RootOrder
      value: 0
      objectReference: {fileID: 0}
    - target: {fileID: 1731271724930478, guid: 47a72ce84b7704242976aa15fea57734, type: 2}
      propertyPath: m_Name
      value: Exit (1)
      objectReference: {fileID: 0}
    - target: {fileID: 61692809535574728, guid: 47a72ce84b7704242976aa15fea57734,
        type: 2}
      propertyPath: m_IsTrigger
      value: 1
      objectReference: {fileID: 0}
    - target: {fileID: 212919553047585098, guid: 47a72ce84b7704242976aa15fea57734,
        type: 2}
      propertyPath: m_Sprite
      value: 
      objectReference: {fileID: 21300000, guid: e80daa823456456408cbf8d2af9b89a3,
        type: 3}
    - target: {fileID: 212919553047585098, guid: 47a72ce84b7704242976aa15fea57734,
        type: 2}
      propertyPath: m_Size.x
      value: 1.76
      objectReference: {fileID: 0}
    - target: {fileID: 212919553047585098, guid: 47a72ce84b7704242976aa15fea57734,
        type: 2}
      propertyPath: m_Size.y
      value: 1.75
      objectReference: {fileID: 0}
    - target: {fileID: 212919553047585098, guid: 47a72ce84b7704242976aa15fea57734,
        type: 2}
      propertyPath: m_WasSpriteAssigned
      value: 1
      objectReference: {fileID: 0}
    - target: {fileID: 4756355475633182, guid: 47a72ce84b7704242976aa15fea57734, type: 2}
      propertyPath: m_LocalScale.x
      value: 2
      objectReference: {fileID: 0}
    - target: {fileID: 4756355475633182, guid: 47a72ce84b7704242976aa15fea57734, type: 2}
      propertyPath: m_LocalScale.y
      value: 2
      objectReference: {fileID: 0}
    - target: {fileID: 4756355475633182, guid: 47a72ce84b7704242976aa15fea57734, type: 2}
      propertyPath: m_LocalScale.z
      value: 1.4777035
      objectReference: {fileID: 0}
    - target: {fileID: 114689861012012310, guid: 47a72ce84b7704242976aa15fea57734,
        type: 2}
      propertyPath: scene
      value: demo_tutoriel
      objectReference: {fileID: 0}
    - target: {fileID: 61692809535574728, guid: 47a72ce84b7704242976aa15fea57734,
        type: 2}
      propertyPath: m_SpriteTilingProperty.oldSize.x
      value: 1.76
      objectReference: {fileID: 0}
    - target: {fileID: 61692809535574728, guid: 47a72ce84b7704242976aa15fea57734,
        type: 2}
      propertyPath: m_SpriteTilingProperty.oldSize.y
      value: 1.75
      objectReference: {fileID: 0}
    - target: {fileID: 61692809535574728, guid: 47a72ce84b7704242976aa15fea57734,
        type: 2}
      propertyPath: m_SpriteTilingProperty.newSize.x
      value: 1.76
      objectReference: {fileID: 0}
    - target: {fileID: 61692809535574728, guid: 47a72ce84b7704242976aa15fea57734,
        type: 2}
      propertyPath: m_SpriteTilingProperty.newSize.y
      value: 1.75
      objectReference: {fileID: 0}
    m_RemovedComponents: []
  m_ParentPrefab: {fileID: 100100000, guid: 47a72ce84b7704242976aa15fea57734, type: 2}
  m_IsPrefabParent: 0
--- !u!1001 &1599379633
Prefab:
  m_ObjectHideFlags: 0
  serializedVersion: 2
  m_Modification:
    m_TransformParent: {fileID: 2056359730}
    m_Modifications:
    - target: {fileID: 4985491827200722, guid: 0f8d5e13d71fca04690abc70ec4e0fdc, type: 2}
      propertyPath: m_LocalPosition.x
      value: 2.8999999
      objectReference: {fileID: 0}
    - target: {fileID: 4985491827200722, guid: 0f8d5e13d71fca04690abc70ec4e0fdc, type: 2}
      propertyPath: m_LocalPosition.y
      value: -0.35999966
      objectReference: {fileID: 0}
    - target: {fileID: 4985491827200722, guid: 0f8d5e13d71fca04690abc70ec4e0fdc, type: 2}
      propertyPath: m_LocalPosition.z
      value: -0.12029794
      objectReference: {fileID: 0}
    - target: {fileID: 4985491827200722, guid: 0f8d5e13d71fca04690abc70ec4e0fdc, type: 2}
      propertyPath: m_LocalRotation.x
      value: -0
      objectReference: {fileID: 0}
    - target: {fileID: 4985491827200722, guid: 0f8d5e13d71fca04690abc70ec4e0fdc, type: 2}
      propertyPath: m_LocalRotation.y
      value: -0
      objectReference: {fileID: 0}
    - target: {fileID: 4985491827200722, guid: 0f8d5e13d71fca04690abc70ec4e0fdc, type: 2}
      propertyPath: m_LocalRotation.z
      value: -0
      objectReference: {fileID: 0}
    - target: {fileID: 4985491827200722, guid: 0f8d5e13d71fca04690abc70ec4e0fdc, type: 2}
      propertyPath: m_LocalRotation.w
      value: 1
      objectReference: {fileID: 0}
    - target: {fileID: 4985491827200722, guid: 0f8d5e13d71fca04690abc70ec4e0fdc, type: 2}
      propertyPath: m_RootOrder
      value: 3
      objectReference: {fileID: 0}
    - target: {fileID: 1214936699205168, guid: 0f8d5e13d71fca04690abc70ec4e0fdc, type: 2}
      propertyPath: m_Name
      value: light (3)
      objectReference: {fileID: 0}
    m_RemovedComponents: []
  m_ParentPrefab: {fileID: 100100000, guid: 0f8d5e13d71fca04690abc70ec4e0fdc, type: 2}
  m_IsPrefabParent: 0
--- !u!4 &1599379634 stripped
Transform:
  m_PrefabParentObject: {fileID: 4985491827200722, guid: 0f8d5e13d71fca04690abc70ec4e0fdc,
    type: 2}
  m_PrefabInternal: {fileID: 1599379633}
--- !u!4 &1732643438 stripped
Transform:
  m_PrefabParentObject: {fileID: 4286672046578028, guid: 37cb799def4553d4c827d63f771264d2,
    type: 2}
  m_PrefabInternal: {fileID: 2128705854}
--- !u!4 &1753393994 stripped
Transform:
  m_PrefabParentObject: {fileID: 4089954585227856, guid: 3acaa4fd03811e44f8daf6b980bb3e4b,
    type: 2}
  m_PrefabInternal: {fileID: 1130070119}
--- !u!4 &1803594073 stripped
Transform:
  m_PrefabParentObject: {fileID: 4089954585227856, guid: 3acaa4fd03811e44f8daf6b980bb3e4b,
    type: 2}
  m_PrefabInternal: {fileID: 239870746}
--- !u!1 &1891630285
GameObject:
  m_ObjectHideFlags: 0
  m_PrefabParentObject: {fileID: 0}
  m_PrefabInternal: {fileID: 0}
  serializedVersion: 5
  m_Component:
  - component: {fileID: 1891630286}
  m_Layer: 0
  m_Name: Play
  m_TagString: Untagged
  m_Icon: {fileID: 0}
  m_NavMeshLayer: 0
  m_StaticEditorFlags: 0
  m_IsActive: 1
--- !u!4 &1891630286
Transform:
  m_ObjectHideFlags: 0
  m_PrefabParentObject: {fileID: 0}
  m_PrefabInternal: {fileID: 0}
  m_GameObject: {fileID: 1891630285}
  m_LocalRotation: {x: 0, y: 0, z: 0, w: 1}
  m_LocalPosition: {x: -2.1915746, y: 3.2488828, z: -0.1887216}
  m_LocalScale: {x: 1, y: 1, z: 1}
  m_Children:
  - {fileID: 1444985493}
  - {fileID: 2052219149}
  - {fileID: 1963238134}
  - {fileID: 477698819}
  - {fileID: 1309428313}
  - {fileID: 717428006}
  m_Father: {fileID: 0}
  m_RootOrder: 7
  m_LocalEulerAnglesHint: {x: 0, y: 0, z: 0}
--- !u!1001 &1906867260
Prefab:
  m_ObjectHideFlags: 0
  serializedVersion: 2
  m_Modification:
    m_TransformParent: {fileID: 0}
    m_Modifications:
    - target: {fileID: 4858396685547988, guid: 9bc456d4c6f26e549ba0b91b99d3747f, type: 2}
      propertyPath: m_LocalPosition.x
      value: -14.88
      objectReference: {fileID: 0}
    - target: {fileID: 4858396685547988, guid: 9bc456d4c6f26e549ba0b91b99d3747f, type: 2}
      propertyPath: m_LocalPosition.y
      value: 18.5
      objectReference: {fileID: 0}
    - target: {fileID: 4858396685547988, guid: 9bc456d4c6f26e549ba0b91b99d3747f, type: 2}
      propertyPath: m_LocalPosition.z
      value: 0
      objectReference: {fileID: 0}
    - target: {fileID: 4858396685547988, guid: 9bc456d4c6f26e549ba0b91b99d3747f, type: 2}
      propertyPath: m_LocalRotation.x
      value: 0
      objectReference: {fileID: 0}
    - target: {fileID: 4858396685547988, guid: 9bc456d4c6f26e549ba0b91b99d3747f, type: 2}
      propertyPath: m_LocalRotation.y
      value: 0
      objectReference: {fileID: 0}
    - target: {fileID: 4858396685547988, guid: 9bc456d4c6f26e549ba0b91b99d3747f, type: 2}
      propertyPath: m_LocalRotation.z
      value: 0
      objectReference: {fileID: 0}
    - target: {fileID: 4858396685547988, guid: 9bc456d4c6f26e549ba0b91b99d3747f, type: 2}
      propertyPath: m_LocalRotation.w
      value: 1
      objectReference: {fileID: 0}
    - target: {fileID: 4858396685547988, guid: 9bc456d4c6f26e549ba0b91b99d3747f, type: 2}
      propertyPath: m_RootOrder
      value: 1
      objectReference: {fileID: 0}
    - target: {fileID: 4858396685547988, guid: 9bc456d4c6f26e549ba0b91b99d3747f, type: 2}
      propertyPath: m_LocalScale.x
      value: 0.04
      objectReference: {fileID: 0}
    - target: {fileID: 4858396685547988, guid: 9bc456d4c6f26e549ba0b91b99d3747f, type: 2}
      propertyPath: m_LocalScale.y
      value: 0.04
      objectReference: {fileID: 0}
    - target: {fileID: 23279069305489170, guid: 9bc456d4c6f26e549ba0b91b99d3747f,
        type: 2}
      propertyPath: m_SortingLayerID
      value: -126229679
      objectReference: {fileID: 0}
    - target: {fileID: 23279069305489170, guid: 9bc456d4c6f26e549ba0b91b99d3747f,
        type: 2}
      propertyPath: m_SortingLayer
      value: -1
      objectReference: {fileID: 0}
    - target: {fileID: 23903048486301654, guid: 9bc456d4c6f26e549ba0b91b99d3747f,
        type: 2}
      propertyPath: m_SortingLayerID
      value: -126229679
      objectReference: {fileID: 0}
    - target: {fileID: 23903048486301654, guid: 9bc456d4c6f26e549ba0b91b99d3747f,
        type: 2}
      propertyPath: m_SortingLayer
      value: -1
      objectReference: {fileID: 0}
    m_RemovedComponents: []
  m_ParentPrefab: {fileID: 100100000, guid: 9bc456d4c6f26e549ba0b91b99d3747f, type: 2}
  m_IsPrefabParent: 0
--- !u!4 &1963238134 stripped
Transform:
  m_PrefabParentObject: {fileID: 4089954585227856, guid: 3acaa4fd03811e44f8daf6b980bb3e4b,
    type: 2}
  m_PrefabInternal: {fileID: 832298084}
--- !u!4 &1967655239 stripped
Transform:
  m_PrefabParentObject: {fileID: 4985491827200722, guid: 0f8d5e13d71fca04690abc70ec4e0fdc,
    type: 2}
  m_PrefabInternal: {fileID: 526997657}
--- !u!4 &1971330599 stripped
Transform:
  m_PrefabParentObject: {fileID: 4089954585227856, guid: 3acaa4fd03811e44f8daf6b980bb3e4b,
    type: 2}
  m_PrefabInternal: {fileID: 1291387041}
--- !u!1 &2007706526
GameObject:
  m_ObjectHideFlags: 0
  m_PrefabParentObject: {fileID: 0}
  m_PrefabInternal: {fileID: 0}
  serializedVersion: 5
  m_Component:
  - component: {fileID: 2007706528}
  - component: {fileID: 2007706527}
  m_Layer: 0
  m_Name: tutoriel (1)
  m_TagString: Untagged
  m_Icon: {fileID: 0}
  m_NavMeshLayer: 0
  m_StaticEditorFlags: 0
  m_IsActive: 1
--- !u!212 &2007706527
SpriteRenderer:
  m_ObjectHideFlags: 0
  m_PrefabParentObject: {fileID: 0}
  m_PrefabInternal: {fileID: 0}
  m_GameObject: {fileID: 2007706526}
  m_Enabled: 1
  m_CastShadows: 0
  m_ReceiveShadows: 0
  m_DynamicOccludee: 1
  m_MotionVectors: 1
  m_LightProbeUsage: 1
  m_ReflectionProbeUsage: 1
  m_Materials:
  - {fileID: 10754, guid: 0000000000000000f000000000000000, type: 0}
  m_StaticBatchInfo:
    firstSubMesh: 0
    subMeshCount: 0
  m_StaticBatchRoot: {fileID: 0}
  m_ProbeAnchor: {fileID: 0}
  m_LightProbeVolumeOverride: {fileID: 0}
  m_ScaleInLightmap: 1
  m_PreserveUVs: 0
  m_IgnoreNormalsForChartDetection: 0
  m_ImportantGI: 0
  m_StitchLightmapSeams: 0
  m_SelectedEditorRenderState: 0
  m_MinimumChartSize: 4
  m_AutoUVMaxDistance: 0.5
  m_AutoUVMaxAngle: 89
  m_LightmapParameters: {fileID: 0}
  m_SortingLayerID: 0
  m_SortingLayer: 0
  m_SortingOrder: 0
  m_Sprite: {fileID: 21300000, guid: 38874a5dc41a60545b75b040bbb2603b, type: 3}
  m_Color: {r: 1, g: 1, b: 1, a: 1}
  m_FlipX: 0
  m_FlipY: 0
  m_DrawMode: 0
  m_Size: {x: 3.81, y: 2.54}
  m_AdaptiveModeThreshold: 0.5
  m_SpriteTileMode: 0
  m_WasSpriteAssigned: 1
  m_MaskInteraction: 0
--- !u!4 &2007706528
Transform:
  m_ObjectHideFlags: 0
  m_PrefabParentObject: {fileID: 0}
  m_PrefabInternal: {fileID: 0}
  m_GameObject: {fileID: 2007706526}
  m_LocalRotation: {x: -0, y: -0, z: 0.7071068, w: 0.7071068}
  m_LocalPosition: {x: -2.55, y: -0.83, z: 0.1887216}
  m_LocalScale: {x: 1, y: 1, z: 1}
  m_Children: []
  m_Father: {fileID: 828764010}
  m_RootOrder: 5
  m_LocalEulerAnglesHint: {x: 0, y: 0, z: 90}
--- !u!4 &2052219149 stripped
Transform:
  m_PrefabParentObject: {fileID: 4089954585227856, guid: 3acaa4fd03811e44f8daf6b980bb3e4b,
    type: 2}
  m_PrefabInternal: {fileID: 1193507882}
--- !u!1 &2056359729
GameObject:
  m_ObjectHideFlags: 0
  m_PrefabParentObject: {fileID: 0}
  m_PrefabInternal: {fileID: 0}
  serializedVersion: 5
  m_Component:
  - component: {fileID: 2056359730}
  m_Layer: 0
  m_Name: Quit
  m_TagString: Untagged
  m_Icon: {fileID: 0}
  m_NavMeshLayer: 0
  m_StaticEditorFlags: 0
  m_IsActive: 1
--- !u!4 &2056359730
Transform:
  m_ObjectHideFlags: 0
  m_PrefabParentObject: {fileID: 0}
  m_PrefabInternal: {fileID: 0}
  m_GameObject: {fileID: 2056359729}
  m_LocalRotation: {x: -0, y: -0, z: -0, w: 1}
  m_LocalPosition: {x: -0.45416522, y: -2.186749, z: 0.12029794}
  m_LocalScale: {x: 1, y: 1, z: 1}
  m_Children:
  - {fileID: 2064424792}
  - {fileID: 342400337}
  - {fileID: 127616475}
  - {fileID: 1599379634}
  - {fileID: 1264217456}
  - {fileID: 1732643438}
  m_Father: {fileID: 0}
  m_RootOrder: 4
  m_LocalEulerAnglesHint: {x: 0, y: 0, z: 0}
--- !u!1 &2064424791
GameObject:
  m_ObjectHideFlags: 0
  m_PrefabParentObject: {fileID: 0}
  m_PrefabInternal: {fileID: 0}
  serializedVersion: 5
  m_Component:
  - component: {fileID: 2064424792}
  - component: {fileID: 2064424793}
  m_Layer: 0
  m_Name: quitter
  m_TagString: Untagged
  m_Icon: {fileID: 0}
  m_NavMeshLayer: 0
  m_StaticEditorFlags: 0
  m_IsActive: 1
--- !u!4 &2064424792
Transform:
  m_ObjectHideFlags: 0
  m_PrefabParentObject: {fileID: 0}
  m_PrefabInternal: {fileID: 0}
  m_GameObject: {fileID: 2064424791}
  m_LocalRotation: {x: -0, y: -0, z: -0, w: 1}
  m_LocalPosition: {x: 0.33, y: 1.45, z: -0.12029794}
  m_LocalScale: {x: 1, y: 1, z: 1}
  m_Children: []
  m_Father: {fileID: 2056359730}
  m_RootOrder: 0
  m_LocalEulerAnglesHint: {x: 0, y: 0, z: 0}
--- !u!212 &2064424793
SpriteRenderer:
  m_ObjectHideFlags: 0
  m_PrefabParentObject: {fileID: 0}
  m_PrefabInternal: {fileID: 0}
  m_GameObject: {fileID: 2064424791}
  m_Enabled: 1
  m_CastShadows: 0
  m_ReceiveShadows: 0
  m_DynamicOccludee: 1
  m_MotionVectors: 1
  m_LightProbeUsage: 1
  m_ReflectionProbeUsage: 1
  m_Materials:
  - {fileID: 10754, guid: 0000000000000000f000000000000000, type: 0}
  m_StaticBatchInfo:
    firstSubMesh: 0
    subMeshCount: 0
  m_StaticBatchRoot: {fileID: 0}
  m_ProbeAnchor: {fileID: 0}
  m_LightProbeVolumeOverride: {fileID: 0}
  m_ScaleInLightmap: 1
  m_PreserveUVs: 0
  m_IgnoreNormalsForChartDetection: 0
  m_ImportantGI: 0
  m_StitchLightmapSeams: 0
  m_SelectedEditorRenderState: 0
  m_MinimumChartSize: 4
  m_AutoUVMaxDistance: 0.5
  m_AutoUVMaxAngle: 89
  m_LightmapParameters: {fileID: 0}
  m_SortingLayerID: 0
  m_SortingLayer: 0
  m_SortingOrder: 0
  m_Sprite: {fileID: 21300000, guid: d3c99645039dc6848a6b8df4781a08f0, type: 3}
  m_Color: {r: 1, g: 1, b: 1, a: 1}
  m_FlipX: 0
  m_FlipY: 0
  m_DrawMode: 0
  m_Size: {x: 3.81, y: 2.54}
  m_AdaptiveModeThreshold: 0.5
  m_SpriteTileMode: 0
  m_WasSpriteAssigned: 1
  m_MaskInteraction: 0
--- !u!1001 &2128705854
Prefab:
  m_ObjectHideFlags: 0
  serializedVersion: 2
  m_Modification:
    m_TransformParent: {fileID: 2056359730}
    m_Modifications:
    - target: {fileID: 4286672046578028, guid: 37cb799def4553d4c827d63f771264d2, type: 2}
      propertyPath: m_LocalPosition.x
      value: 0.3
      objectReference: {fileID: 0}
    - target: {fileID: 4286672046578028, guid: 37cb799def4553d4c827d63f771264d2, type: 2}
      propertyPath: m_LocalPosition.y
      value: -4.1
      objectReference: {fileID: 0}
    - target: {fileID: 4286672046578028, guid: 37cb799def4553d4c827d63f771264d2, type: 2}
      propertyPath: m_LocalPosition.z
      value: 0.8797021
      objectReference: {fileID: 0}
    - target: {fileID: 4286672046578028, guid: 37cb799def4553d4c827d63f771264d2, type: 2}
      propertyPath: m_LocalRotation.x
      value: -0
      objectReference: {fileID: 0}
    - target: {fileID: 4286672046578028, guid: 37cb799def4553d4c827d63f771264d2, type: 2}
      propertyPath: m_LocalRotation.y
      value: -0
      objectReference: {fileID: 0}
    - target: {fileID: 4286672046578028, guid: 37cb799def4553d4c827d63f771264d2, type: 2}
      propertyPath: m_LocalRotation.z
      value: -0
      objectReference: {fileID: 0}
    - target: {fileID: 4286672046578028, guid: 37cb799def4553d4c827d63f771264d2, type: 2}
      propertyPath: m_LocalRotation.w
      value: 1
      objectReference: {fileID: 0}
    - target: {fileID: 4286672046578028, guid: 37cb799def4553d4c827d63f771264d2, type: 2}
      propertyPath: m_RootOrder
      value: 5
      objectReference: {fileID: 0}
    - target: {fileID: 4286672046578028, guid: 37cb799def4553d4c827d63f771264d2, type: 2}
      propertyPath: m_LocalScale.x
      value: 1.467255
      objectReference: {fileID: 0}
    - target: {fileID: 114504618841455982, guid: 37cb799def4553d4c827d63f771264d2,
        type: 2}
      propertyPath: scene
      value: exitGame
      objectReference: {fileID: 0}
    - target: {fileID: 1485706157616190, guid: 37cb799def4553d4c827d63f771264d2, type: 2}
      propertyPath: m_Name
      value: Entrance
      objectReference: {fileID: 0}
    - target: {fileID: 212603131478184840, guid: 37cb799def4553d4c827d63f771264d2,
        type: 2}
      propertyPath: m_Sprite
      value: 
      objectReference: {fileID: 21300000, guid: d36202537a2ba564c989e0ec6d5e9215,
        type: 3}
    m_RemovedComponents: []
  m_ParentPrefab: {fileID: 100100000, guid: 37cb799def4553d4c827d63f771264d2, type: 2}
  m_IsPrefabParent: 0
