%YAML 1.1
%TAG !u! tag:unity3d.com,2011:
--- !u!29 &1
OcclusionCullingSettings:
  m_ObjectHideFlags: 0
  serializedVersion: 2
  m_OcclusionBakeSettings:
    smallestOccluder: 5
    smallestHole: 0.25
    backfaceThreshold: 100
  m_SceneGUID: 00000000000000000000000000000000
  m_OcclusionCullingData: {fileID: 0}
--- !u!104 &2
RenderSettings:
  m_ObjectHideFlags: 0
  serializedVersion: 8
  m_Fog: 0
  m_FogColor: {r: 0.5, g: 0.5, b: 0.5, a: 1}
  m_FogMode: 3
  m_FogDensity: 0.01
  m_LinearFogStart: 0
  m_LinearFogEnd: 300
  m_AmbientSkyColor: {r: 0.212, g: 0.227, b: 0.259, a: 1}
  m_AmbientEquatorColor: {r: 0.114, g: 0.125, b: 0.133, a: 1}
  m_AmbientGroundColor: {r: 0.047, g: 0.043, b: 0.035, a: 1}
  m_AmbientIntensity: 1
  m_AmbientMode: 3
  m_SubtractiveShadowColor: {r: 0.42, g: 0.478, b: 0.627, a: 1}
  m_SkyboxMaterial: {fileID: 0}
  m_HaloStrength: 0.5
  m_FlareStrength: 1
  m_FlareFadeSpeed: 3
  m_HaloTexture: {fileID: 0}
  m_SpotCookie: {fileID: 10001, guid: 0000000000000000e000000000000000, type: 0}
  m_DefaultReflectionMode: 0
  m_DefaultReflectionResolution: 128
  m_ReflectionBounces: 1
  m_ReflectionIntensity: 1
  m_CustomReflection: {fileID: 0}
  m_Sun: {fileID: 0}
  m_IndirectSpecularColor: {r: 0, g: 0, b: 0, a: 1}
--- !u!157 &3
LightmapSettings:
  m_ObjectHideFlags: 0
  serializedVersion: 11
  m_GIWorkflowMode: 1
  m_GISettings:
    serializedVersion: 2
    m_BounceScale: 1
    m_IndirectOutputScale: 1
    m_AlbedoBoost: 1
    m_TemporalCoherenceThreshold: 1
    m_EnvironmentLightingMode: 0
    m_EnableBakedLightmaps: 0
    m_EnableRealtimeLightmaps: 0
  m_LightmapEditorSettings:
    serializedVersion: 9
    m_Resolution: 2
    m_BakeResolution: 40
    m_TextureWidth: 1024
    m_TextureHeight: 1024
    m_AO: 0
    m_AOMaxDistance: 1
    m_CompAOExponent: 1
    m_CompAOExponentDirect: 0
    m_Padding: 2
    m_LightmapParameters: {fileID: 0}
    m_LightmapsBakeMode: 1
    m_TextureCompression: 1
    m_FinalGather: 0
    m_FinalGatherFiltering: 1
    m_FinalGatherRayCount: 256
    m_ReflectionCompression: 2
    m_MixedBakeMode: 2
    m_BakeBackend: 0
    m_PVRSampling: 1
    m_PVRDirectSampleCount: 32
    m_PVRSampleCount: 500
    m_PVRBounces: 2
    m_PVRFilterTypeDirect: 0
    m_PVRFilterTypeIndirect: 0
    m_PVRFilterTypeAO: 0
    m_PVRFilteringMode: 1
    m_PVRCulling: 1
    m_PVRFilteringGaussRadiusDirect: 1
    m_PVRFilteringGaussRadiusIndirect: 5
    m_PVRFilteringGaussRadiusAO: 2
    m_PVRFilteringAtrousPositionSigmaDirect: 0.5
    m_PVRFilteringAtrousPositionSigmaIndirect: 2
    m_PVRFilteringAtrousPositionSigmaAO: 1
    m_ShowResolutionOverlay: 1
  m_LightingDataAsset: {fileID: 0}
  m_UseShadowmask: 1
--- !u!196 &4
NavMeshSettings:
  serializedVersion: 2
  m_ObjectHideFlags: 0
  m_BuildSettings:
    serializedVersion: 2
    agentTypeID: 0
    agentRadius: 0.5
    agentHeight: 2
    agentSlope: 45
    agentClimb: 0.4
    ledgeDropHeight: 0
    maxJumpAcrossDistance: 0
    minRegionArea: 2
    manualCellSize: 0
    cellSize: 0.16666667
    manualTileSize: 0
    tileSize: 256
    accuratePlacement: 0
    debug:
      m_Flags: 0
  m_NavMeshData: {fileID: 0}
--- !u!1001 &183024334
Prefab:
  m_ObjectHideFlags: 0
  serializedVersion: 2
  m_Modification:
    m_TransformParent: {fileID: 0}
    m_Modifications:
    - target: {fileID: 4985491827200722, guid: 0f8d5e13d71fca04690abc70ec4e0fdc, type: 2}
      propertyPath: m_LocalPosition.x
      value: -2.7943277
      objectReference: {fileID: 0}
    - target: {fileID: 4985491827200722, guid: 0f8d5e13d71fca04690abc70ec4e0fdc, type: 2}
      propertyPath: m_LocalPosition.y
      value: 1.2214527
      objectReference: {fileID: 0}
    - target: {fileID: 4985491827200722, guid: 0f8d5e13d71fca04690abc70ec4e0fdc, type: 2}
      propertyPath: m_LocalPosition.z
      value: 0
      objectReference: {fileID: 0}
    - target: {fileID: 4985491827200722, guid: 0f8d5e13d71fca04690abc70ec4e0fdc, type: 2}
      propertyPath: m_LocalRotation.x
      value: 0
      objectReference: {fileID: 0}
    - target: {fileID: 4985491827200722, guid: 0f8d5e13d71fca04690abc70ec4e0fdc, type: 2}
      propertyPath: m_LocalRotation.y
      value: 0
      objectReference: {fileID: 0}
    - target: {fileID: 4985491827200722, guid: 0f8d5e13d71fca04690abc70ec4e0fdc, type: 2}
      propertyPath: m_LocalRotation.z
      value: 0
      objectReference: {fileID: 0}
    - target: {fileID: 4985491827200722, guid: 0f8d5e13d71fca04690abc70ec4e0fdc, type: 2}
      propertyPath: m_LocalRotation.w
      value: 1
      objectReference: {fileID: 0}
    - target: {fileID: 4985491827200722, guid: 0f8d5e13d71fca04690abc70ec4e0fdc, type: 2}
      propertyPath: m_RootOrder
      value: 3
      objectReference: {fileID: 0}
    - target: {fileID: 1214936699205168, guid: 0f8d5e13d71fca04690abc70ec4e0fdc, type: 2}
      propertyPath: m_Name
      value: light (1)
      objectReference: {fileID: 0}
    m_RemovedComponents: []
  m_ParentPrefab: {fileID: 100100000, guid: 0f8d5e13d71fca04690abc70ec4e0fdc, type: 2}
  m_IsPrefabParent: 0
--- !u!1001 &356774146
Prefab:
  m_ObjectHideFlags: 0
  serializedVersion: 2
  m_Modification:
    m_TransformParent: {fileID: 1554742628}
    m_Modifications:
    - target: {fileID: 4269137998794500, guid: bd823cdc941354a069709b49b482b32f, type: 2}
      propertyPath: m_LocalPosition.x
      value: 0
      objectReference: {fileID: 0}
    - target: {fileID: 4269137998794500, guid: bd823cdc941354a069709b49b482b32f, type: 2}
      propertyPath: m_LocalPosition.y
      value: 0
      objectReference: {fileID: 0}
    - target: {fileID: 4269137998794500, guid: bd823cdc941354a069709b49b482b32f, type: 2}
      propertyPath: m_LocalPosition.z
      value: 0
      objectReference: {fileID: 0}
    - target: {fileID: 4269137998794500, guid: bd823cdc941354a069709b49b482b32f, type: 2}
      propertyPath: m_LocalRotation.x
      value: 0
      objectReference: {fileID: 0}
    - target: {fileID: 4269137998794500, guid: bd823cdc941354a069709b49b482b32f, type: 2}
      propertyPath: m_LocalRotation.y
      value: 0
      objectReference: {fileID: 0}
    - target: {fileID: 4269137998794500, guid: bd823cdc941354a069709b49b482b32f, type: 2}
      propertyPath: m_LocalRotation.z
      value: 0
      objectReference: {fileID: 0}
    - target: {fileID: 4269137998794500, guid: bd823cdc941354a069709b49b482b32f, type: 2}
      propertyPath: m_LocalRotation.w
      value: 1
      objectReference: {fileID: 0}
    - target: {fileID: 4269137998794500, guid: bd823cdc941354a069709b49b482b32f, type: 2}
      propertyPath: m_RootOrder
      value: 0
      objectReference: {fileID: 0}
    m_RemovedComponents: []
  m_ParentPrefab: {fileID: 100100000, guid: bd823cdc941354a069709b49b482b32f, type: 2}
  m_IsPrefabParent: 0
--- !u!1 &356774147 stripped
GameObject:
  m_PrefabParentObject: {fileID: 1379952276165648, guid: bd823cdc941354a069709b49b482b32f,
    type: 2}
  m_PrefabInternal: {fileID: 356774146}
--- !u!4 &356774148 stripped
Transform:
  m_PrefabParentObject: {fileID: 4269137998794500, guid: bd823cdc941354a069709b49b482b32f,
    type: 2}
  m_PrefabInternal: {fileID: 356774146}
--- !u!1 &360070011 stripped
GameObject:
  m_PrefabParentObject: {fileID: 1936707052940146, guid: 55d78abdbe0bd574e932df5847bcdd11,
    type: 2}
  m_PrefabInternal: {fileID: 1517244450}
--- !u!4 &360070014 stripped
Transform:
  m_PrefabParentObject: {fileID: 4417236555651880, guid: 55d78abdbe0bd574e932df5847bcdd11,
    type: 2}
  m_PrefabInternal: {fileID: 1517244450}
--- !u!1 &370414775
GameObject:
  m_ObjectHideFlags: 0
  m_PrefabParentObject: {fileID: 0}
  m_PrefabInternal: {fileID: 0}
  serializedVersion: 5
  m_Component:
  - component: {fileID: 370414776}
  - component: {fileID: 370414777}
  m_Layer: 0
  m_Name: Sequencer
  m_TagString: Untagged
  m_Icon: {fileID: 0}
  m_NavMeshLayer: 0
  m_StaticEditorFlags: 0
  m_IsActive: 1
--- !u!4 &370414776
Transform:
  m_ObjectHideFlags: 0
  m_PrefabParentObject: {fileID: 0}
  m_PrefabInternal: {fileID: 0}
  m_GameObject: {fileID: 370414775}
  m_LocalRotation: {x: -0, y: -0, z: -0, w: 1}
  m_LocalPosition: {x: 10.33477, y: 1.4273115, z: 0.8741528}
  m_LocalScale: {x: 1, y: 1, z: 1}
  m_Children: []
  m_Father: {fileID: 1938581880}
  m_RootOrder: 1
  m_LocalEulerAnglesHint: {x: 0, y: 0, z: 0}
--- !u!114 &370414777
MonoBehaviour:
  m_ObjectHideFlags: 0
  m_PrefabParentObject: {fileID: 0}
  m_PrefabInternal: {fileID: 0}
  m_GameObject: {fileID: 370414775}
  m_Enabled: 1
  m_EditorHideFlags: 0
  m_Script: {fileID: 11500000, guid: cd07488839cd14d368b9f6e14a1fd4c7, type: 3}
  m_Name: 
  m_EditorClassIdentifier: 
  wheelChosenMinionGO: {fileID: 356774147}
  playerGO: {fileID: 1587016581}
  player: {fileID: 1587016586}
  currentMinion: 0
  minion:
  - {fileID: 0}
  - {fileID: 0}
--- !u!1001 &389100217
Prefab:
  m_ObjectHideFlags: 0
  serializedVersion: 2
  m_Modification:
    m_TransformParent: {fileID: 815764965}
    m_Modifications:
    - target: {fileID: 4046901959337332, guid: f7564e367a6072245a626971e714c05f, type: 2}
      propertyPath: m_LocalPosition.x
      value: -1.9
      objectReference: {fileID: 0}
    - target: {fileID: 4046901959337332, guid: f7564e367a6072245a626971e714c05f, type: 2}
      propertyPath: m_LocalPosition.y
      value: 1.15
      objectReference: {fileID: 0}
    - target: {fileID: 4046901959337332, guid: f7564e367a6072245a626971e714c05f, type: 2}
      propertyPath: m_LocalPosition.z
      value: -2.1669855
      objectReference: {fileID: 0}
    - target: {fileID: 4046901959337332, guid: f7564e367a6072245a626971e714c05f, type: 2}
      propertyPath: m_LocalRotation.x
      value: -0
      objectReference: {fileID: 0}
    - target: {fileID: 4046901959337332, guid: f7564e367a6072245a626971e714c05f, type: 2}
      propertyPath: m_LocalRotation.y
      value: -0
      objectReference: {fileID: 0}
    - target: {fileID: 4046901959337332, guid: f7564e367a6072245a626971e714c05f, type: 2}
      propertyPath: m_LocalRotation.z
      value: -0
      objectReference: {fileID: 0}
    - target: {fileID: 4046901959337332, guid: f7564e367a6072245a626971e714c05f, type: 2}
      propertyPath: m_LocalRotation.w
      value: 1
      objectReference: {fileID: 0}
    - target: {fileID: 4046901959337332, guid: f7564e367a6072245a626971e714c05f, type: 2}
      propertyPath: m_RootOrder
      value: 3
      objectReference: {fileID: 0}
    - target: {fileID: 1158203548560396, guid: f7564e367a6072245a626971e714c05f, type: 2}
      propertyPath: m_Name
      value: crate 1 (1)
      objectReference: {fileID: 0}
    m_RemovedComponents: []
  m_ParentPrefab: {fileID: 100100000, guid: f7564e367a6072245a626971e714c05f, type: 2}
  m_IsPrefabParent: 0
--- !u!4 &389100218 stripped
Transform:
  m_PrefabParentObject: {fileID: 4046901959337332, guid: f7564e367a6072245a626971e714c05f,
    type: 2}
  m_PrefabInternal: {fileID: 389100217}
--- !u!1001 &466552356
Prefab:
  m_ObjectHideFlags: 0
  serializedVersion: 2
  m_Modification:
    m_TransformParent: {fileID: 815764965}
    m_Modifications:
    - target: {fileID: 4046901959337332, guid: f7564e367a6072245a626971e714c05f, type: 2}
      propertyPath: m_LocalPosition.x
      value: -3.2378774
      objectReference: {fileID: 0}
    - target: {fileID: 4046901959337332, guid: f7564e367a6072245a626971e714c05f, type: 2}
      propertyPath: m_LocalPosition.y
      value: 2.3897305
      objectReference: {fileID: 0}
    - target: {fileID: 4046901959337332, guid: f7564e367a6072245a626971e714c05f, type: 2}
      propertyPath: m_LocalPosition.z
      value: -2.1669855
      objectReference: {fileID: 0}
    - target: {fileID: 4046901959337332, guid: f7564e367a6072245a626971e714c05f, type: 2}
      propertyPath: m_LocalRotation.x
      value: -0
      objectReference: {fileID: 0}
    - target: {fileID: 4046901959337332, guid: f7564e367a6072245a626971e714c05f, type: 2}
      propertyPath: m_LocalRotation.y
      value: -0
      objectReference: {fileID: 0}
    - target: {fileID: 4046901959337332, guid: f7564e367a6072245a626971e714c05f, type: 2}
      propertyPath: m_LocalRotation.z
      value: -0
      objectReference: {fileID: 0}
    - target: {fileID: 4046901959337332, guid: f7564e367a6072245a626971e714c05f, type: 2}
      propertyPath: m_LocalRotation.w
      value: 1
      objectReference: {fileID: 0}
    - target: {fileID: 4046901959337332, guid: f7564e367a6072245a626971e714c05f, type: 2}
      propertyPath: m_RootOrder
      value: 4
      objectReference: {fileID: 0}
    m_RemovedComponents: []
  m_ParentPrefab: {fileID: 100100000, guid: f7564e367a6072245a626971e714c05f, type: 2}
  m_IsPrefabParent: 0
--- !u!4 &466552357 stripped
Transform:
  m_PrefabParentObject: {fileID: 4046901959337332, guid: f7564e367a6072245a626971e714c05f,
    type: 2}
  m_PrefabInternal: {fileID: 466552356}
--- !u!1001 &684586969
Prefab:
  m_ObjectHideFlags: 0
  serializedVersion: 2
  m_Modification:
    m_TransformParent: {fileID: 0}
    m_Modifications:
    - target: {fileID: 4819566662079484, guid: 5493be624d879254ca9bfd87c3dd5d02, type: 2}
      propertyPath: m_LocalPosition.x
      value: -18.77
      objectReference: {fileID: 0}
    - target: {fileID: 4819566662079484, guid: 5493be624d879254ca9bfd87c3dd5d02, type: 2}
      propertyPath: m_LocalPosition.y
      value: 28.87
      objectReference: {fileID: 0}
    - target: {fileID: 4819566662079484, guid: 5493be624d879254ca9bfd87c3dd5d02, type: 2}
      propertyPath: m_LocalPosition.z
      value: 3
      objectReference: {fileID: 0}
    - target: {fileID: 4819566662079484, guid: 5493be624d879254ca9bfd87c3dd5d02, type: 2}
      propertyPath: m_LocalRotation.x
      value: 0
      objectReference: {fileID: 0}
    - target: {fileID: 4819566662079484, guid: 5493be624d879254ca9bfd87c3dd5d02, type: 2}
      propertyPath: m_LocalRotation.y
      value: 0
      objectReference: {fileID: 0}
    - target: {fileID: 4819566662079484, guid: 5493be624d879254ca9bfd87c3dd5d02, type: 2}
      propertyPath: m_LocalRotation.z
      value: 0
      objectReference: {fileID: 0}
    - target: {fileID: 4819566662079484, guid: 5493be624d879254ca9bfd87c3dd5d02, type: 2}
      propertyPath: m_LocalRotation.w
      value: 1
      objectReference: {fileID: 0}
    - target: {fileID: 4819566662079484, guid: 5493be624d879254ca9bfd87c3dd5d02, type: 2}
      propertyPath: m_RootOrder
      value: 0
      objectReference: {fileID: 0}
    - target: {fileID: 4819566662079484, guid: 5493be624d879254ca9bfd87c3dd5d02, type: 2}
      propertyPath: m_LocalScale.x
      value: 0.04
      objectReference: {fileID: 0}
    - target: {fileID: 4819566662079484, guid: 5493be624d879254ca9bfd87c3dd5d02, type: 2}
      propertyPath: m_LocalScale.y
      value: 0.04
      objectReference: {fileID: 0}
    - target: {fileID: 1789761232994048, guid: 5493be624d879254ca9bfd87c3dd5d02, type: 2}
      propertyPath: m_Name
      value: floor
      objectReference: {fileID: 0}
    - target: {fileID: 0}
      propertyPath: m_LocalPosition.z
      value: 3
      objectReference: {fileID: 0}
    - target: {fileID: 0}
      propertyPath: m_LocalPosition.z
      value: 3
      objectReference: {fileID: 0}
    - target: {fileID: 4003039554339046, guid: 5493be624d879254ca9bfd87c3dd5d02, type: 2}
      propertyPath: m_LocalPosition.z
      value: 3
      objectReference: {fileID: 0}
    - target: {fileID: 4304055903084808, guid: 5493be624d879254ca9bfd87c3dd5d02, type: 2}
      propertyPath: m_LocalPosition.z
      value: 3
      objectReference: {fileID: 0}
    - target: {fileID: 4168631363036616, guid: 5493be624d879254ca9bfd87c3dd5d02, type: 2}
      propertyPath: m_LocalPosition.z
      value: 3
      objectReference: {fileID: 0}
    - target: {fileID: 23101125015387502, guid: 5493be624d879254ca9bfd87c3dd5d02,
        type: 2}
      propertyPath: m_SortingLayerID
      value: -126229679
      objectReference: {fileID: 0}
    - target: {fileID: 23101125015387502, guid: 5493be624d879254ca9bfd87c3dd5d02,
        type: 2}
      propertyPath: m_SortingLayer
      value: -1
      objectReference: {fileID: 0}
    - target: {fileID: 23228793517667460, guid: 5493be624d879254ca9bfd87c3dd5d02,
        type: 2}
      propertyPath: m_SortingLayerID
      value: -126229679
      objectReference: {fileID: 0}
    - target: {fileID: 23228793517667460, guid: 5493be624d879254ca9bfd87c3dd5d02,
        type: 2}
      propertyPath: m_SortingLayer
      value: -1
      objectReference: {fileID: 0}
    m_RemovedComponents: []
  m_ParentPrefab: {fileID: 100100000, guid: 5493be624d879254ca9bfd87c3dd5d02, type: 2}
  m_IsPrefabParent: 0
--- !u!1001 &734265206
Prefab:
  m_ObjectHideFlags: 0
  serializedVersion: 2
  m_Modification:
    m_TransformParent: {fileID: 2038236676}
    m_Modifications:
    - target: {fileID: 4082387502452040, guid: ef059a6696f04a5499cce6017c747d4d, type: 2}
      propertyPath: m_LocalPosition.x
      value: -1.7112541
      objectReference: {fileID: 0}
    - target: {fileID: 4082387502452040, guid: ef059a6696f04a5499cce6017c747d4d, type: 2}
      propertyPath: m_LocalPosition.y
      value: 10.743379
      objectReference: {fileID: 0}
    - target: {fileID: 4082387502452040, guid: ef059a6696f04a5499cce6017c747d4d, type: 2}
      propertyPath: m_LocalPosition.z
      value: -1.8945462
      objectReference: {fileID: 0}
    - target: {fileID: 4082387502452040, guid: ef059a6696f04a5499cce6017c747d4d, type: 2}
      propertyPath: m_LocalRotation.x
      value: -0
      objectReference: {fileID: 0}
    - target: {fileID: 4082387502452040, guid: ef059a6696f04a5499cce6017c747d4d, type: 2}
      propertyPath: m_LocalRotation.y
      value: -0
      objectReference: {fileID: 0}
    - target: {fileID: 4082387502452040, guid: ef059a6696f04a5499cce6017c747d4d, type: 2}
      propertyPath: m_LocalRotation.z
      value: -0
      objectReference: {fileID: 0}
    - target: {fileID: 4082387502452040, guid: ef059a6696f04a5499cce6017c747d4d, type: 2}
      propertyPath: m_LocalRotation.w
      value: 1
      objectReference: {fileID: 0}
    - target: {fileID: 4082387502452040, guid: ef059a6696f04a5499cce6017c747d4d, type: 2}
      propertyPath: m_RootOrder
      value: 0
      objectReference: {fileID: 0}
    m_RemovedComponents: []
  m_ParentPrefab: {fileID: 100100000, guid: ef059a6696f04a5499cce6017c747d4d, type: 2}
  m_IsPrefabParent: 0
--- !u!1 &815764964
GameObject:
  m_ObjectHideFlags: 0
  m_PrefabParentObject: {fileID: 0}
  m_PrefabInternal: {fileID: 0}
  serializedVersion: 5
  m_Component:
  - component: {fileID: 815764965}
  m_Layer: 0
  m_Name: Crates
  m_TagString: Untagged
  m_Icon: {fileID: 0}
  m_NavMeshLayer: 0
  m_StaticEditorFlags: 0
  m_IsActive: 1
--- !u!4 &815764965
Transform:
  m_ObjectHideFlags: 0
  m_PrefabParentObject: {fileID: 0}
  m_PrefabInternal: {fileID: 0}
  m_GameObject: {fileID: 815764964}
  m_LocalRotation: {x: 0, y: 0, z: 0, w: 1}
  m_LocalPosition: {x: 2.9579625, y: 7.8541975, z: 1.8789504}
  m_LocalScale: {x: 1, y: 1, z: 1}
  m_Children:
  - {fileID: 913817429}
  - {fileID: 1433038332}
  - {fileID: 1317242437}
  - {fileID: 389100218}
  - {fileID: 466552357}
  m_Father: {fileID: 0}
  m_RootOrder: 7
  m_LocalEulerAnglesHint: {x: 0, y: 0, z: 0}
--- !u!1001 &913817428
Prefab:
  m_ObjectHideFlags: 0
  serializedVersion: 2
  m_Modification:
    m_TransformParent: {fileID: 815764965}
    m_Modifications:
    - target: {fileID: 4046901959337332, guid: f7564e367a6072245a626971e714c05f, type: 2}
      propertyPath: m_LocalPosition.x
      value: -0.63
      objectReference: {fileID: 0}
    - target: {fileID: 4046901959337332, guid: f7564e367a6072245a626971e714c05f, type: 2}
      propertyPath: m_LocalPosition.y
      value: -7.77
      objectReference: {fileID: 0}
    - target: {fileID: 4046901959337332, guid: f7564e367a6072245a626971e714c05f, type: 2}
      propertyPath: m_LocalPosition.z
      value: -2.1669855
      objectReference: {fileID: 0}
    - target: {fileID: 4046901959337332, guid: f7564e367a6072245a626971e714c05f, type: 2}
      propertyPath: m_LocalRotation.x
      value: -0
      objectReference: {fileID: 0}
    - target: {fileID: 4046901959337332, guid: f7564e367a6072245a626971e714c05f, type: 2}
      propertyPath: m_LocalRotation.y
      value: -0
      objectReference: {fileID: 0}
    - target: {fileID: 4046901959337332, guid: f7564e367a6072245a626971e714c05f, type: 2}
      propertyPath: m_LocalRotation.z
      value: -0
      objectReference: {fileID: 0}
    - target: {fileID: 4046901959337332, guid: f7564e367a6072245a626971e714c05f, type: 2}
      propertyPath: m_LocalRotation.w
      value: 1
      objectReference: {fileID: 0}
    - target: {fileID: 4046901959337332, guid: f7564e367a6072245a626971e714c05f, type: 2}
      propertyPath: m_RootOrder
      value: 0
      objectReference: {fileID: 0}
    - target: {fileID: 1158203548560396, guid: f7564e367a6072245a626971e714c05f, type: 2}
      propertyPath: m_Name
      value: crate 1 (4)
      objectReference: {fileID: 0}
    m_RemovedComponents: []
  m_ParentPrefab: {fileID: 100100000, guid: f7564e367a6072245a626971e714c05f, type: 2}
  m_IsPrefabParent: 0
--- !u!4 &913817429 stripped
Transform:
  m_PrefabParentObject: {fileID: 4046901959337332, guid: f7564e367a6072245a626971e714c05f,
    type: 2}
  m_PrefabInternal: {fileID: 913817428}
--- !u!4 &959929823 stripped
Transform:
  m_PrefabParentObject: {fileID: 4368323297377316, guid: ec598aa709c541040ba84b13dcc62d94,
    type: 2}
  m_PrefabInternal: {fileID: 1743740874}
--- !u!1 &1076957015
GameObject:
  m_ObjectHideFlags: 0
  m_PrefabParentObject: {fileID: 0}
  m_PrefabInternal: {fileID: 0}
  serializedVersion: 5
  m_Component:
  - component: {fileID: 1076957016}
  - component: {fileID: 1076957019}
  - component: {fileID: 1076957018}
  - component: {fileID: 1076957017}
  m_Layer: 5
  m_Name: F1
  m_TagString: Untagged
  m_Icon: {fileID: 0}
  m_NavMeshLayer: 0
  m_StaticEditorFlags: 0
  m_IsActive: 1
--- !u!4 &1076957016
Transform:
  m_ObjectHideFlags: 0
  m_PrefabParentObject: {fileID: 0}
  m_PrefabInternal: {fileID: 0}
  m_GameObject: {fileID: 1076957015}
  m_LocalRotation: {x: -0, y: -0, z: -0, w: 1}
  m_LocalPosition: {x: -0.86487144, y: -8.11597, z: -1.9734752}
  m_LocalScale: {x: 0.2, y: 0.2, z: 1}
  m_Children: []
  m_Father: {fileID: 1312881900}
  m_RootOrder: 1
  m_LocalEulerAnglesHint: {x: 0, y: 0, z: 0}
--- !u!114 &1076957017
MonoBehaviour:
  m_ObjectHideFlags: 0
  m_PrefabParentObject: {fileID: 0}
  m_PrefabInternal: {fileID: 0}
  m_GameObject: {fileID: 1076957015}
  m_Enabled: 1
  m_EditorHideFlags: 0
  m_Script: {fileID: 11500000, guid: eab4e1c16a6def54295f04eb2f2dfe2c, type: 3}
  m_Name: 
  m_EditorClassIdentifier: 
  maxSpeed: {x: 6, y: 6}
  folow: F0
  myPos: {x: -4.044959, y: -0.90448356, z: 9.42338}
  skins: []
  followed: {fileID: 0}
--- !u!61 &1076957018
BoxCollider2D:
  m_ObjectHideFlags: 0
  m_PrefabParentObject: {fileID: 0}
  m_PrefabInternal: {fileID: 0}
  m_GameObject: {fileID: 1076957015}
  m_Enabled: 1
  m_Density: 1
  m_Material: {fileID: 0}
  m_IsTrigger: 0
  m_UsedByEffector: 0
  m_UsedByComposite: 0
  m_Offset: {x: 0, y: 0}
  m_SpriteTilingProperty:
    border: {x: 0, y: 0, z: 0, w: 0}
    pivot: {x: 0.5, y: 0.5}
    oldSize: {x: 3.08, y: 3.92}
    newSize: {x: 1.28, y: 1.28}
    adaptiveTilingThreshold: 0.5
    drawMode: 0
    adaptiveTiling: 0
  m_AutoTiling: 0
  serializedVersion: 2
  m_Size: {x: 0.0001, y: 0.0001}
  m_EdgeRadius: 0
--- !u!212 &1076957019
SpriteRenderer:
  m_ObjectHideFlags: 0
  m_PrefabParentObject: {fileID: 0}
  m_PrefabInternal: {fileID: 0}
  m_GameObject: {fileID: 1076957015}
  m_Enabled: 1
  m_CastShadows: 0
  m_ReceiveShadows: 0
  m_DynamicOccludee: 1
  m_MotionVectors: 1
  m_LightProbeUsage: 1
  m_ReflectionProbeUsage: 1
  m_Materials:
  - {fileID: 10754, guid: 0000000000000000f000000000000000, type: 0}
  m_StaticBatchInfo:
    firstSubMesh: 0
    subMeshCount: 0
  m_StaticBatchRoot: {fileID: 0}
  m_ProbeAnchor: {fileID: 0}
  m_LightProbeVolumeOverride: {fileID: 0}
  m_ScaleInLightmap: 1
  m_PreserveUVs: 0
  m_IgnoreNormalsForChartDetection: 0
  m_ImportantGI: 0
  m_StitchLightmapSeams: 0
  m_SelectedEditorRenderState: 0
  m_MinimumChartSize: 4
  m_AutoUVMaxDistance: 0.5
  m_AutoUVMaxAngle: 89
  m_LightmapParameters: {fileID: 0}
  m_SortingLayerID: 847847437
  m_SortingLayer: 1
  m_SortingOrder: 0
  m_Sprite: {fileID: 21300000, guid: 20253f819b75f134392efc5147d62580, type: 3}
  m_Color: {r: 1, g: 1, b: 1, a: 1}
  m_FlipX: 0
  m_FlipY: 0
  m_DrawMode: 0
  m_Size: {x: 1.28, y: 1.28}
  m_AdaptiveModeThreshold: 0.5
  m_SpriteTileMode: 0
  m_WasSpriteAssigned: 1
  m_MaskInteraction: 0
--- !u!1001 &1083850694
Prefab:
  m_ObjectHideFlags: 0
  serializedVersion: 2
  m_Modification:
    m_TransformParent: {fileID: 2058286371}
    m_Modifications:
    - target: {fileID: 4952934907584830, guid: 7afa43ffa80d9474c978c910f9140d4a, type: 2}
      propertyPath: m_LocalPosition.x
      value: -0.65
      objectReference: {fileID: 0}
    - target: {fileID: 4952934907584830, guid: 7afa43ffa80d9474c978c910f9140d4a, type: 2}
      propertyPath: m_LocalPosition.y
      value: -6.53
      objectReference: {fileID: 0}
    - target: {fileID: 4952934907584830, guid: 7afa43ffa80d9474c978c910f9140d4a, type: 2}
      propertyPath: m_LocalPosition.z
      value: -1.8789504
      objectReference: {fileID: 0}
    - target: {fileID: 4952934907584830, guid: 7afa43ffa80d9474c978c910f9140d4a, type: 2}
      propertyPath: m_LocalRotation.x
      value: -0
      objectReference: {fileID: 0}
    - target: {fileID: 4952934907584830, guid: 7afa43ffa80d9474c978c910f9140d4a, type: 2}
      propertyPath: m_LocalRotation.y
      value: -0
      objectReference: {fileID: 0}
    - target: {fileID: 4952934907584830, guid: 7afa43ffa80d9474c978c910f9140d4a, type: 2}
      propertyPath: m_LocalRotation.z
      value: -0
      objectReference: {fileID: 0}
    - target: {fileID: 4952934907584830, guid: 7afa43ffa80d9474c978c910f9140d4a, type: 2}
      propertyPath: m_LocalRotation.w
      value: 1
      objectReference: {fileID: 0}
    - target: {fileID: 4952934907584830, guid: 7afa43ffa80d9474c978c910f9140d4a, type: 2}
      propertyPath: m_RootOrder
      value: 0
      objectReference: {fileID: 0}
    - target: {fileID: 114921997122895446, guid: 7afa43ffa80d9474c978c910f9140d4a,
        type: 2}
      propertyPath: gate
      value: 
      objectReference: {fileID: 360070011}
    m_RemovedComponents: []
  m_ParentPrefab: {fileID: 100100000, guid: 7afa43ffa80d9474c978c910f9140d4a, type: 2}
  m_IsPrefabParent: 0
--- !u!1 &1140973192
GameObject:
  m_ObjectHideFlags: 0
  m_PrefabParentObject: {fileID: 0}
  m_PrefabInternal: {fileID: 0}
  serializedVersion: 5
  m_Component:
  - component: {fileID: 1140973193}
  - component: {fileID: 1140973196}
  - component: {fileID: 1140973195}
  - component: {fileID: 1140973194}
  m_Layer: 5
  m_Name: F0
  m_TagString: Untagged
  m_Icon: {fileID: 0}
  m_NavMeshLayer: 0
  m_StaticEditorFlags: 0
  m_IsActive: 1
--- !u!4 &1140973193
Transform:
  m_ObjectHideFlags: 0
  m_PrefabParentObject: {fileID: 0}
  m_PrefabInternal: {fileID: 0}
  m_GameObject: {fileID: 1140973192}
  m_LocalRotation: {x: -0, y: -0, z: -0, w: 1}
  m_LocalPosition: {x: -0.9981242, y: -8.39572, z: -1.9734752}
  m_LocalScale: {x: 0.2, y: 0.2, z: 1}
  m_Children: []
  m_Father: {fileID: 1312881900}
  m_RootOrder: 0
  m_LocalEulerAnglesHint: {x: 0, y: 0, z: 0}
--- !u!114 &1140973194
MonoBehaviour:
  m_ObjectHideFlags: 0
  m_PrefabParentObject: {fileID: 0}
  m_PrefabInternal: {fileID: 0}
  m_GameObject: {fileID: 1140973192}
  m_Enabled: 1
  m_EditorHideFlags: 0
  m_Script: {fileID: 11500000, guid: eab4e1c16a6def54295f04eb2f2dfe2c, type: 3}
  m_Name: 
  m_EditorClassIdentifier: 
  maxSpeed: {x: 3, y: 3}
  folow: player 1
  myPos: {x: -4.1782117, y: -1.1842332, z: 9.42338}
  skins: []
  followed: {fileID: 0}
--- !u!61 &1140973195
BoxCollider2D:
  m_ObjectHideFlags: 0
  m_PrefabParentObject: {fileID: 0}
  m_PrefabInternal: {fileID: 0}
  m_GameObject: {fileID: 1140973192}
  m_Enabled: 1
  m_Density: 1
  m_Material: {fileID: 0}
  m_IsTrigger: 0
  m_UsedByEffector: 0
  m_UsedByComposite: 0
  m_Offset: {x: 0, y: 0}
  m_SpriteTilingProperty:
    border: {x: 0, y: 0, z: 0, w: 0}
    pivot: {x: 0.5, y: 0.5}
    oldSize: {x: 3.45, y: 3.15}
    newSize: {x: 1.28, y: 1.28}
    adaptiveTilingThreshold: 0.5
    drawMode: 0
    adaptiveTiling: 0
  m_AutoTiling: 0
  serializedVersion: 2
  m_Size: {x: 0.0001, y: 0.0001}
  m_EdgeRadius: 0
--- !u!212 &1140973196
SpriteRenderer:
  m_ObjectHideFlags: 0
  m_PrefabParentObject: {fileID: 0}
  m_PrefabInternal: {fileID: 0}
  m_GameObject: {fileID: 1140973192}
  m_Enabled: 1
  m_CastShadows: 0
  m_ReceiveShadows: 0
  m_DynamicOccludee: 1
  m_MotionVectors: 1
  m_LightProbeUsage: 1
  m_ReflectionProbeUsage: 1
  m_Materials:
  - {fileID: 10754, guid: 0000000000000000f000000000000000, type: 0}
  m_StaticBatchInfo:
    firstSubMesh: 0
    subMeshCount: 0
  m_StaticBatchRoot: {fileID: 0}
  m_ProbeAnchor: {fileID: 0}
  m_LightProbeVolumeOverride: {fileID: 0}
  m_ScaleInLightmap: 1
  m_PreserveUVs: 0
  m_IgnoreNormalsForChartDetection: 0
  m_ImportantGI: 0
  m_StitchLightmapSeams: 0
  m_SelectedEditorRenderState: 0
  m_MinimumChartSize: 4
  m_AutoUVMaxDistance: 0.5
  m_AutoUVMaxAngle: 89
  m_LightmapParameters: {fileID: 0}
  m_SortingLayerID: 847847437
  m_SortingLayer: 1
  m_SortingOrder: 0
  m_Sprite: {fileID: 21300000, guid: 35520a236fee8c84e903e6132e22e97f, type: 3}
  m_Color: {r: 1, g: 1, b: 1, a: 1}
  m_FlipX: 0
  m_FlipY: 0
  m_DrawMode: 0
  m_Size: {x: 1.28, y: 1.28}
  m_AdaptiveModeThreshold: 0.5
  m_SpriteTileMode: 0
  m_WasSpriteAssigned: 1
  m_MaskInteraction: 0
--- !u!1001 &1242305957
Prefab:
  m_ObjectHideFlags: 0
  serializedVersion: 2
  m_Modification:
    m_TransformParent: {fileID: 0}
    m_Modifications:
    - target: {fileID: 4756355475633182, guid: 47a72ce84b7704242976aa15fea57734, type: 2}
      propertyPath: m_LocalPosition.x
      value: -0.25
      objectReference: {fileID: 0}
    - target: {fileID: 4756355475633182, guid: 47a72ce84b7704242976aa15fea57734, type: 2}
      propertyPath: m_LocalPosition.y
      value: 19.45
      objectReference: {fileID: 0}
    - target: {fileID: 4756355475633182, guid: 47a72ce84b7704242976aa15fea57734, type: 2}
      propertyPath: m_LocalPosition.z
      value: 0
      objectReference: {fileID: 0}
    - target: {fileID: 4756355475633182, guid: 47a72ce84b7704242976aa15fea57734, type: 2}
      propertyPath: m_LocalRotation.x
      value: -0
      objectReference: {fileID: 0}
    - target: {fileID: 4756355475633182, guid: 47a72ce84b7704242976aa15fea57734, type: 2}
      propertyPath: m_LocalRotation.y
      value: -0
      objectReference: {fileID: 0}
    - target: {fileID: 4756355475633182, guid: 47a72ce84b7704242976aa15fea57734, type: 2}
      propertyPath: m_LocalRotation.z
      value: -0
      objectReference: {fileID: 0}
    - target: {fileID: 4756355475633182, guid: 47a72ce84b7704242976aa15fea57734, type: 2}
      propertyPath: m_LocalRotation.w
      value: 1
      objectReference: {fileID: 0}
    - target: {fileID: 4756355475633182, guid: 47a72ce84b7704242976aa15fea57734, type: 2}
      propertyPath: m_RootOrder
      value: 6
      objectReference: {fileID: 0}
    - target: {fileID: 1731271724930478, guid: 47a72ce84b7704242976aa15fea57734, type: 2}
      propertyPath: m_Name
      value: Exit
      objectReference: {fileID: 0}
    - target: {fileID: 61692809535574728, guid: 47a72ce84b7704242976aa15fea57734,
        type: 2}
      propertyPath: m_IsTrigger
      value: 1
      objectReference: {fileID: 0}
    - target: {fileID: 212919553047585098, guid: 47a72ce84b7704242976aa15fea57734,
        type: 2}
      propertyPath: m_Sprite
      value: 
      objectReference: {fileID: 21300000, guid: e80daa823456456408cbf8d2af9b89a3,
        type: 3}
    - target: {fileID: 212919553047585098, guid: 47a72ce84b7704242976aa15fea57734,
        type: 2}
      propertyPath: m_Size.x
      value: 1.76
      objectReference: {fileID: 0}
    - target: {fileID: 212919553047585098, guid: 47a72ce84b7704242976aa15fea57734,
        type: 2}
      propertyPath: m_Size.y
      value: 1.75
      objectReference: {fileID: 0}
    - target: {fileID: 212919553047585098, guid: 47a72ce84b7704242976aa15fea57734,
        type: 2}
      propertyPath: m_WasSpriteAssigned
      value: 1
      objectReference: {fileID: 0}
    - target: {fileID: 4756355475633182, guid: 47a72ce84b7704242976aa15fea57734, type: 2}
      propertyPath: m_LocalScale.x
      value: 2
      objectReference: {fileID: 0}
    - target: {fileID: 4756355475633182, guid: 47a72ce84b7704242976aa15fea57734, type: 2}
      propertyPath: m_LocalScale.y
      value: 2
      objectReference: {fileID: 0}
    - target: {fileID: 61692809535574728, guid: 47a72ce84b7704242976aa15fea57734,
        type: 2}
      propertyPath: m_SpriteTilingProperty.oldSize.x
      value: 1.76
      objectReference: {fileID: 0}
    - target: {fileID: 61692809535574728, guid: 47a72ce84b7704242976aa15fea57734,
        type: 2}
      propertyPath: m_SpriteTilingProperty.oldSize.y
      value: 1.75
      objectReference: {fileID: 0}
    - target: {fileID: 61692809535574728, guid: 47a72ce84b7704242976aa15fea57734,
        type: 2}
      propertyPath: m_SpriteTilingProperty.newSize.x
      value: 1.76
      objectReference: {fileID: 0}
    - target: {fileID: 61692809535574728, guid: 47a72ce84b7704242976aa15fea57734,
        type: 2}
      propertyPath: m_SpriteTilingProperty.newSize.y
      value: 1.75
      objectReference: {fileID: 0}
    - target: {fileID: 114689861012012310, guid: 47a72ce84b7704242976aa15fea57734,
        type: 2}
      propertyPath: scene
      value: level301
      objectReference: {fileID: 0}
    m_RemovedComponents: []
  m_ParentPrefab: {fileID: 100100000, guid: 47a72ce84b7704242976aa15fea57734, type: 2}
  m_IsPrefabParent: 0
--- !u!1001 &1265601315
Prefab:
  m_ObjectHideFlags: 0
  serializedVersion: 2
  m_Modification:
    m_TransformParent: {fileID: 0}
    m_Modifications:
    - target: {fileID: 4286672046578028, guid: 37cb799def4553d4c827d63f771264d2, type: 2}
      propertyPath: m_LocalPosition.x
      value: -0.16
      objectReference: {fileID: 0}
    - target: {fileID: 4286672046578028, guid: 37cb799def4553d4c827d63f771264d2, type: 2}
      propertyPath: m_LocalPosition.y
      value: -2.7499995
      objectReference: {fileID: 0}
    - target: {fileID: 4286672046578028, guid: 37cb799def4553d4c827d63f771264d2, type: 2}
      propertyPath: m_LocalPosition.z
      value: 1
      objectReference: {fileID: 0}
    - target: {fileID: 4286672046578028, guid: 37cb799def4553d4c827d63f771264d2, type: 2}
      propertyPath: m_LocalRotation.x
      value: -0
      objectReference: {fileID: 0}
    - target: {fileID: 4286672046578028, guid: 37cb799def4553d4c827d63f771264d2, type: 2}
      propertyPath: m_LocalRotation.y
      value: -0
      objectReference: {fileID: 0}
    - target: {fileID: 4286672046578028, guid: 37cb799def4553d4c827d63f771264d2, type: 2}
      propertyPath: m_LocalRotation.z
      value: -0
      objectReference: {fileID: 0}
    - target: {fileID: 4286672046578028, guid: 37cb799def4553d4c827d63f771264d2, type: 2}
      propertyPath: m_LocalRotation.w
      value: 1
      objectReference: {fileID: 0}
    - target: {fileID: 4286672046578028, guid: 37cb799def4553d4c827d63f771264d2, type: 2}
      propertyPath: m_RootOrder
      value: 5
      objectReference: {fileID: 0}
    - target: {fileID: 4286672046578028, guid: 37cb799def4553d4c827d63f771264d2, type: 2}
      propertyPath: m_LocalScale.x
      value: 1.5063841
      objectReference: {fileID: 0}
    - target: {fileID: 114504618841455982, guid: 37cb799def4553d4c827d63f771264d2,
        type: 2}
      propertyPath: scene
      value: newSwitch
      objectReference: {fileID: 0}
    - target: {fileID: 1485706157616190, guid: 37cb799def4553d4c827d63f771264d2, type: 2}
      propertyPath: m_Name
      value: Entrance
      objectReference: {fileID: 0}
    - target: {fileID: 4286672046578028, guid: 37cb799def4553d4c827d63f771264d2, type: 2}
      propertyPath: m_LocalScale.y
      value: 1
      objectReference: {fileID: 0}
    - target: {fileID: 212603131478184840, guid: 37cb799def4553d4c827d63f771264d2,
        type: 2}
      propertyPath: m_Sprite
      value: 
      objectReference: {fileID: 21300000, guid: d36202537a2ba564c989e0ec6d5e9215,
        type: 3}
    m_RemovedComponents: []
  m_ParentPrefab: {fileID: 100100000, guid: 37cb799def4553d4c827d63f771264d2, type: 2}
  m_IsPrefabParent: 0
--- !u!1001 &1287864259
Prefab:
  m_ObjectHideFlags: 0
  serializedVersion: 2
  m_Modification:
    m_TransformParent: {fileID: 0}
    m_Modifications:
    - target: {fileID: 4089954585227856, guid: 3acaa4fd03811e44f8daf6b980bb3e4b, type: 2}
      propertyPath: m_LocalPosition.x
      value: -2.848568
      objectReference: {fileID: 0}
    - target: {fileID: 4089954585227856, guid: 3acaa4fd03811e44f8daf6b980bb3e4b, type: 2}
      propertyPath: m_LocalPosition.y
      value: 1.275692
      objectReference: {fileID: 0}
    - target: {fileID: 4089954585227856, guid: 3acaa4fd03811e44f8daf6b980bb3e4b, type: 2}
      propertyPath: m_LocalPosition.z
      value: 0
      objectReference: {fileID: 0}
    - target: {fileID: 4089954585227856, guid: 3acaa4fd03811e44f8daf6b980bb3e4b, type: 2}
      propertyPath: m_LocalRotation.x
      value: 0
      objectReference: {fileID: 0}
    - target: {fileID: 4089954585227856, guid: 3acaa4fd03811e44f8daf6b980bb3e4b, type: 2}
      propertyPath: m_LocalRotation.y
      value: 0
      objectReference: {fileID: 0}
    - target: {fileID: 4089954585227856, guid: 3acaa4fd03811e44f8daf6b980bb3e4b, type: 2}
      propertyPath: m_LocalRotation.z
      value: 0
      objectReference: {fileID: 0}
    - target: {fileID: 4089954585227856, guid: 3acaa4fd03811e44f8daf6b980bb3e4b, type: 2}
      propertyPath: m_LocalRotation.w
      value: 1
      objectReference: {fileID: 0}
    - target: {fileID: 4089954585227856, guid: 3acaa4fd03811e44f8daf6b980bb3e4b, type: 2}
      propertyPath: m_RootOrder
      value: 4
      objectReference: {fileID: 0}
    - target: {fileID: 1218306565618116, guid: 3acaa4fd03811e44f8daf6b980bb3e4b, type: 2}
      propertyPath: m_Name
      value: torcheAnimation_1 (1)
      objectReference: {fileID: 0}
    m_RemovedComponents: []
  m_ParentPrefab: {fileID: 100100000, guid: 3acaa4fd03811e44f8daf6b980bb3e4b, type: 2}
  m_IsPrefabParent: 0
--- !u!1 &1312881899
GameObject:
  m_ObjectHideFlags: 0
  m_PrefabParentObject: {fileID: 0}
  m_PrefabInternal: {fileID: 0}
  serializedVersion: 5
  m_Component:
  - component: {fileID: 1312881900}
  m_Layer: 0
  m_Name: Followers
  m_TagString: Untagged
  m_Icon: {fileID: 0}
  m_NavMeshLayer: 0
  m_StaticEditorFlags: 0
  m_IsActive: 1
--- !u!4 &1312881900
Transform:
  m_ObjectHideFlags: 0
  m_PrefabParentObject: {fileID: 0}
  m_PrefabInternal: {fileID: 0}
  m_GameObject: {fileID: 1312881899}
  m_LocalRotation: {x: -0, y: -0, z: -0, w: 1}
  m_LocalPosition: {x: 1.5309817, y: 8.312558, z: 1.9607837}
  m_LocalScale: {x: 1, y: 1, z: 1}
  m_Children:
  - {fileID: 1140973193}
  - {fileID: 1076957016}
  m_Father: {fileID: 1938581880}
  m_RootOrder: 3
  m_LocalEulerAnglesHint: {x: 0, y: 0, z: 0}
--- !u!1001 &1317242436
Prefab:
  m_ObjectHideFlags: 0
  serializedVersion: 2
  m_Modification:
    m_TransformParent: {fileID: 815764965}
    m_Modifications:
    - target: {fileID: 4046901959337332, guid: f7564e367a6072245a626971e714c05f, type: 2}
      propertyPath: m_LocalPosition.x
      value: -3.21
      objectReference: {fileID: 0}
    - target: {fileID: 4046901959337332, guid: f7564e367a6072245a626971e714c05f, type: 2}
      propertyPath: m_LocalPosition.y
      value: -0.08
      objectReference: {fileID: 0}
    - target: {fileID: 4046901959337332, guid: f7564e367a6072245a626971e714c05f, type: 2}
      propertyPath: m_LocalPosition.z
      value: -2.1669855
      objectReference: {fileID: 0}
    - target: {fileID: 4046901959337332, guid: f7564e367a6072245a626971e714c05f, type: 2}
      propertyPath: m_LocalRotation.x
      value: -0
      objectReference: {fileID: 0}
    - target: {fileID: 4046901959337332, guid: f7564e367a6072245a626971e714c05f, type: 2}
      propertyPath: m_LocalRotation.y
      value: -0
      objectReference: {fileID: 0}
    - target: {fileID: 4046901959337332, guid: f7564e367a6072245a626971e714c05f, type: 2}
      propertyPath: m_LocalRotation.z
      value: -0
      objectReference: {fileID: 0}
    - target: {fileID: 4046901959337332, guid: f7564e367a6072245a626971e714c05f, type: 2}
      propertyPath: m_LocalRotation.w
      value: 1
      objectReference: {fileID: 0}
    - target: {fileID: 4046901959337332, guid: f7564e367a6072245a626971e714c05f, type: 2}
      propertyPath: m_RootOrder
      value: 2
      objectReference: {fileID: 0}
    - target: {fileID: 1158203548560396, guid: f7564e367a6072245a626971e714c05f, type: 2}
      propertyPath: m_Name
      value: crate 1 (2)
      objectReference: {fileID: 0}
    m_RemovedComponents: []
  m_ParentPrefab: {fileID: 100100000, guid: f7564e367a6072245a626971e714c05f, type: 2}
  m_IsPrefabParent: 0
--- !u!4 &1317242437 stripped
Transform:
  m_PrefabParentObject: {fileID: 4046901959337332, guid: f7564e367a6072245a626971e714c05f,
    type: 2}
  m_PrefabInternal: {fileID: 1317242436}
--- !u!1001 &1433038331
Prefab:
  m_ObjectHideFlags: 0
  serializedVersion: 2
  m_Modification:
    m_TransformParent: {fileID: 815764965}
    m_Modifications:
    - target: {fileID: 4046901959337332, guid: f7564e367a6072245a626971e714c05f, type: 2}
      propertyPath: m_LocalPosition.x
      value: -4.52
      objectReference: {fileID: 0}
    - target: {fileID: 4046901959337332, guid: f7564e367a6072245a626971e714c05f, type: 2}
      propertyPath: m_LocalPosition.y
      value: 1.15
      objectReference: {fileID: 0}
    - target: {fileID: 4046901959337332, guid: f7564e367a6072245a626971e714c05f, type: 2}
      propertyPath: m_LocalPosition.z
      value: -2.1669855
      objectReference: {fileID: 0}
    - target: {fileID: 4046901959337332, guid: f7564e367a6072245a626971e714c05f, type: 2}
      propertyPath: m_LocalRotation.x
      value: -0
      objectReference: {fileID: 0}
    - target: {fileID: 4046901959337332, guid: f7564e367a6072245a626971e714c05f, type: 2}
      propertyPath: m_LocalRotation.y
      value: -0
      objectReference: {fileID: 0}
    - target: {fileID: 4046901959337332, guid: f7564e367a6072245a626971e714c05f, type: 2}
      propertyPath: m_LocalRotation.z
      value: -0
      objectReference: {fileID: 0}
    - target: {fileID: 4046901959337332, guid: f7564e367a6072245a626971e714c05f, type: 2}
      propertyPath: m_LocalRotation.w
      value: 1
      objectReference: {fileID: 0}
    - target: {fileID: 4046901959337332, guid: f7564e367a6072245a626971e714c05f, type: 2}
      propertyPath: m_RootOrder
      value: 1
      objectReference: {fileID: 0}
    - target: {fileID: 1158203548560396, guid: f7564e367a6072245a626971e714c05f, type: 2}
      propertyPath: m_Name
      value: crate 1 (3)
      objectReference: {fileID: 0}
    m_RemovedComponents: []
  m_ParentPrefab: {fileID: 100100000, guid: f7564e367a6072245a626971e714c05f, type: 2}
  m_IsPrefabParent: 0
--- !u!4 &1433038332 stripped
Transform:
  m_PrefabParentObject: {fileID: 4046901959337332, guid: f7564e367a6072245a626971e714c05f,
    type: 2}
  m_PrefabInternal: {fileID: 1433038331}
--- !u!1001 &1517244450
Prefab:
  m_ObjectHideFlags: 0
  serializedVersion: 2
  m_Modification:
    m_TransformParent: {fileID: 2038236676}
    m_Modifications:
    - target: {fileID: 4417236555651880, guid: 55d78abdbe0bd574e932df5847bcdd11, type: 2}
      propertyPath: m_LocalPosition.x
      value: -1.7112541
      objectReference: {fileID: 0}
    - target: {fileID: 4417236555651880, guid: 55d78abdbe0bd574e932df5847bcdd11, type: 2}
      propertyPath: m_LocalPosition.y
      value: -2.097025
      objectReference: {fileID: 0}
    - target: {fileID: 4417236555651880, guid: 55d78abdbe0bd574e932df5847bcdd11, type: 2}
      propertyPath: m_LocalPosition.z
      value: -1.8945462
      objectReference: {fileID: 0}
    - target: {fileID: 4417236555651880, guid: 55d78abdbe0bd574e932df5847bcdd11, type: 2}
      propertyPath: m_LocalRotation.x
      value: -0
      objectReference: {fileID: 0}
    - target: {fileID: 4417236555651880, guid: 55d78abdbe0bd574e932df5847bcdd11, type: 2}
      propertyPath: m_LocalRotation.y
      value: -0
      objectReference: {fileID: 0}
    - target: {fileID: 4417236555651880, guid: 55d78abdbe0bd574e932df5847bcdd11, type: 2}
      propertyPath: m_LocalRotation.z
      value: -0
      objectReference: {fileID: 0}
    - target: {fileID: 4417236555651880, guid: 55d78abdbe0bd574e932df5847bcdd11, type: 2}
      propertyPath: m_LocalRotation.w
      value: 1
      objectReference: {fileID: 0}
    - target: {fileID: 4417236555651880, guid: 55d78abdbe0bd574e932df5847bcdd11, type: 2}
      propertyPath: m_RootOrder
      value: 1
      objectReference: {fileID: 0}
    m_RemovedComponents: []
  m_ParentPrefab: {fileID: 100100000, guid: 55d78abdbe0bd574e932df5847bcdd11, type: 2}
  m_IsPrefabParent: 0
--- !u!1 &1554742627
GameObject:
  m_ObjectHideFlags: 0
  m_PrefabParentObject: {fileID: 0}
  m_PrefabInternal: {fileID: 0}
  serializedVersion: 5
  m_Component:
  - component: {fileID: 1554742628}
  - component: {fileID: 1554742632}
  - component: {fileID: 1554742631}
  - component: {fileID: 1554742630}
  - component: {fileID: 1554742629}
  m_Layer: 0
  m_Name: Main Camera
  m_TagString: MainCamera
  m_Icon: {fileID: 0}
  m_NavMeshLayer: 0
  m_StaticEditorFlags: 0
  m_IsActive: 1
--- !u!4 &1554742628
Transform:
  m_ObjectHideFlags: 0
  m_PrefabParentObject: {fileID: 0}
  m_PrefabInternal: {fileID: 0}
  m_GameObject: {fileID: 1554742627}
  m_LocalRotation: {x: -0, y: -0, z: -0, w: 1}
  m_LocalPosition: {x: 1.0028574, y: 1.2268384, z: -10.0126915}
  m_LocalScale: {x: 1, y: 1, z: 1}
  m_Children:
  - {fileID: 356774148}
  m_Father: {fileID: 1938581880}
  m_RootOrder: 0
  m_LocalEulerAnglesHint: {x: 0, y: 0, z: 0}
--- !u!114 &1554742629
MonoBehaviour:
  m_ObjectHideFlags: 0
  m_PrefabParentObject: {fileID: 0}
  m_PrefabInternal: {fileID: 0}
  m_GameObject: {fileID: 1554742627}
  m_Enabled: 1
  m_EditorHideFlags: 0
  m_Script: {fileID: 11500000, guid: 916c91a21ab3cc04882e58617cc8e492, type: 3}
  m_Name: 
  m_EditorClassIdentifier: 
  player: {fileID: 1587016581}
--- !u!81 &1554742630
AudioListener:
  m_ObjectHideFlags: 0
  m_PrefabParentObject: {fileID: 0}
  m_PrefabInternal: {fileID: 0}
  m_GameObject: {fileID: 1554742627}
  m_Enabled: 1
--- !u!124 &1554742631
Behaviour:
  m_ObjectHideFlags: 0
  m_PrefabParentObject: {fileID: 0}
  m_PrefabInternal: {fileID: 0}
  m_GameObject: {fileID: 1554742627}
  m_Enabled: 1
--- !u!20 &1554742632
Camera:
  m_ObjectHideFlags: 0
  m_PrefabParentObject: {fileID: 0}
  m_PrefabInternal: {fileID: 0}
  m_GameObject: {fileID: 1554742627}
  m_Enabled: 1
  serializedVersion: 2
  m_ClearFlags: 1
  m_BackGroundColor: {r: 0, g: 0, b: 0, a: 0}
  m_NormalizedViewPortRect:
    serializedVersion: 2
    x: 0
    y: 0
    width: 1
    height: 1
  near clip plane: 0.3
  far clip plane: 1000
  field of view: 60
  orthographic: 1
  orthographic size: 5
  m_Depth: -1
  m_CullingMask:
    serializedVersion: 2
    m_Bits: 4294967295
  m_RenderingPath: -1
  m_TargetTexture: {fileID: 0}
  m_TargetDisplay: 0
  m_TargetEye: 3
  m_HDR: 1
  m_AllowMSAA: 1
  m_AllowDynamicResolution: 0
  m_ForceIntoRT: 0
  m_OcclusionCulling: 1
  m_StereoConvergence: 10
  m_StereoSeparation: 0.022
--- !u!1 &1587016581 stripped
GameObject:
  m_PrefabParentObject: {fileID: 1162474190238778, guid: 00ed8c25e30ae5041843c8c084cae531,
    type: 2}
  m_PrefabInternal: {fileID: 1981912812}
--- !u!4 &1587016582 stripped
Transform:
  m_PrefabParentObject: {fileID: 4868387257545648, guid: 00ed8c25e30ae5041843c8c084cae531,
    type: 2}
  m_PrefabInternal: {fileID: 1981912812}
--- !u!114 &1587016586 stripped
MonoBehaviour:
  m_PrefabParentObject: {fileID: 114202215213316416, guid: 00ed8c25e30ae5041843c8c084cae531,
    type: 2}
  m_PrefabInternal: {fileID: 1981912812}
  m_Script: {fileID: 11500000, guid: 1c9fc0cd876744c6684d556dc836f6b4, type: 3}
--- !u!1001 &1743740874
Prefab:
  m_ObjectHideFlags: 0
  serializedVersion: 2
  m_Modification:
    m_TransformParent: {fileID: 2058286371}
    m_Modifications:
    - target: {fileID: 4368323297377316, guid: ec598aa709c541040ba84b13dcc62d94, type: 2}
      propertyPath: m_LocalPosition.x
      value: -4.517379
      objectReference: {fileID: 0}
    - target: {fileID: 4368323297377316, guid: ec598aa709c541040ba84b13dcc62d94, type: 2}
      propertyPath: m_LocalPosition.y
      value: 6.2859
      objectReference: {fileID: 0}
    - target: {fileID: 4368323297377316, guid: ec598aa709c541040ba84b13dcc62d94, type: 2}
      propertyPath: m_LocalPosition.z
      value: -1.8789504
      objectReference: {fileID: 0}
    - target: {fileID: 4368323297377316, guid: ec598aa709c541040ba84b13dcc62d94, type: 2}
      propertyPath: m_LocalRotation.x
      value: -0
      objectReference: {fileID: 0}
    - target: {fileID: 4368323297377316, guid: ec598aa709c541040ba84b13dcc62d94, type: 2}
      propertyPath: m_LocalRotation.y
      value: -0
      objectReference: {fileID: 0}
    - target: {fileID: 4368323297377316, guid: ec598aa709c541040ba84b13dcc62d94, type: 2}
      propertyPath: m_LocalRotation.z
      value: 0.0012776302
      objectReference: {fileID: 0}
    - target: {fileID: 4368323297377316, guid: ec598aa709c541040ba84b13dcc62d94, type: 2}
      propertyPath: m_LocalRotation.w
      value: 0.9999992
      objectReference: {fileID: 0}
    - target: {fileID: 4368323297377316, guid: ec598aa709c541040ba84b13dcc62d94, type: 2}
      propertyPath: m_RootOrder
      value: 1
      objectReference: {fileID: 0}
    - target: {fileID: 114083418794023092, guid: ec598aa709c541040ba84b13dcc62d94,
        type: 2}
      propertyPath: gate
      value: 
      objectReference: {fileID: 1904060230}
    m_RemovedComponents: []
  m_ParentPrefab: {fileID: 100100000, guid: ec598aa709c541040ba84b13dcc62d94, type: 2}
  m_IsPrefabParent: 0
--- !u!1001 &1843575398
Prefab:
  m_ObjectHideFlags: 0
  serializedVersion: 2
  m_Modification:
    m_TransformParent: {fileID: 0}
    m_Modifications:
    - target: {fileID: 4487357537033022, guid: 8bde41514cdc2ed48a199137e277f057, type: 2}
      propertyPath: m_LocalPosition.x
      value: -2.745989
      objectReference: {fileID: 0}
    - target: {fileID: 4487357537033022, guid: 8bde41514cdc2ed48a199137e277f057, type: 2}
      propertyPath: m_LocalPosition.y
      value: 14.124169
      objectReference: {fileID: 0}
    - target: {fileID: 4487357537033022, guid: 8bde41514cdc2ed48a199137e277f057, type: 2}
      propertyPath: m_LocalPosition.z
      value: 0
      objectReference: {fileID: 0}
    - target: {fileID: 4487357537033022, guid: 8bde41514cdc2ed48a199137e277f057, type: 2}
      propertyPath: m_LocalRotation.x
      value: 0
      objectReference: {fileID: 0}
    - target: {fileID: 4487357537033022, guid: 8bde41514cdc2ed48a199137e277f057, type: 2}
      propertyPath: m_LocalRotation.y
      value: 0
      objectReference: {fileID: 0}
    - target: {fileID: 4487357537033022, guid: 8bde41514cdc2ed48a199137e277f057, type: 2}
      propertyPath: m_LocalRotation.z
      value: 0
      objectReference: {fileID: 0}
    - target: {fileID: 4487357537033022, guid: 8bde41514cdc2ed48a199137e277f057, type: 2}
      propertyPath: m_LocalRotation.w
      value: 1
      objectReference: {fileID: 0}
    - target: {fileID: 4487357537033022, guid: 8bde41514cdc2ed48a199137e277f057, type: 2}
      propertyPath: m_RootOrder
      value: 2
      objectReference: {fileID: 0}
    m_RemovedComponents: []
  m_ParentPrefab: {fileID: 100100000, guid: 8bde41514cdc2ed48a199137e277f057, type: 2}
  m_IsPrefabParent: 0
--- !u!4 &1862653527 stripped
Transform:
  m_PrefabParentObject: {fileID: 4952934907584830, guid: 7afa43ffa80d9474c978c910f9140d4a,
    type: 2}
  m_PrefabInternal: {fileID: 1083850694}
--- !u!1 &1904060230 stripped
GameObject:
  m_PrefabParentObject: {fileID: 1386296594186046, guid: ef059a6696f04a5499cce6017c747d4d,
    type: 2}
  m_PrefabInternal: {fileID: 734265206}
--- !u!4 &1904060233 stripped
Transform:
  m_PrefabParentObject: {fileID: 4082387502452040, guid: ef059a6696f04a5499cce6017c747d4d,
    type: 2}
  m_PrefabInternal: {fileID: 734265206}
--- !u!1 &1938581879
GameObject:
  m_ObjectHideFlags: 0
  m_PrefabParentObject: {fileID: 0}
  m_PrefabInternal: {fileID: 0}
  serializedVersion: 5
  m_Component:
  - component: {fileID: 1938581880}
  m_Layer: 0
  m_Name: Common
  m_TagString: Untagged
  m_Icon: {fileID: 0}
  m_NavMeshLayer: 0
  m_StaticEditorFlags: 0
  m_IsActive: 1
--- !u!4 &1938581880
Transform:
  m_ObjectHideFlags: 0
  m_PrefabParentObject: {fileID: 0}
  m_PrefabInternal: {fileID: 0}
  m_GameObject: {fileID: 1938581879}
  m_LocalRotation: {x: 0, y: 0, z: 0, w: 1}
  m_LocalPosition: {x: -1.0028574, y: -1.2268384, z: 0.0126915155}
  m_LocalScale: {x: 1, y: 1, z: 1}
  m_Children:
  - {fileID: 1554742628}
  - {fileID: 370414776}
  - {fileID: 1587016582}
  - {fileID: 1312881900}
  m_Father: {fileID: 0}
  m_RootOrder: 10
  m_LocalEulerAnglesHint: {x: 0, y: 0, z: 0}
--- !u!1001 &1981912812
Prefab:
  m_ObjectHideFlags: 0
  serializedVersion: 2
  m_Modification:
    m_TransformParent: {fileID: 1938581880}
    m_Modifications:
    - target: {fileID: 4868387257545648, guid: 00ed8c25e30ae5041843c8c084cae531, type: 2}
      propertyPath: m_LocalPosition.x
      value: 1.0128574
      objectReference: {fileID: 0}
    - target: {fileID: 4868387257545648, guid: 00ed8c25e30ae5041843c8c084cae531, type: 2}
      propertyPath: m_LocalPosition.y
      value: 0.99683833
      objectReference: {fileID: 0}
    - target: {fileID: 4868387257545648, guid: 00ed8c25e30ae5041843c8c084cae531, type: 2}
      propertyPath: m_LocalPosition.z
      value: -0.0126915155
      objectReference: {fileID: 0}
    - target: {fileID: 4868387257545648, guid: 00ed8c25e30ae5041843c8c084cae531, type: 2}
      propertyPath: m_LocalRotation.x
      value: -0
      objectReference: {fileID: 0}
    - target: {fileID: 4868387257545648, guid: 00ed8c25e30ae5041843c8c084cae531, type: 2}
      propertyPath: m_LocalRotation.y
      value: -0
      objectReference: {fileID: 0}
    - target: {fileID: 4868387257545648, guid: 00ed8c25e30ae5041843c8c084cae531, type: 2}
      propertyPath: m_LocalRotation.z
      value: -0
      objectReference: {fileID: 0}
    - target: {fileID: 4868387257545648, guid: 00ed8c25e30ae5041843c8c084cae531, type: 2}
      propertyPath: m_LocalRotation.w
      value: 1
      objectReference: {fileID: 0}
    - target: {fileID: 4868387257545648, guid: 00ed8c25e30ae5041843c8c084cae531, type: 2}
      propertyPath: m_RootOrder
      value: 2
      objectReference: {fileID: 0}
    - target: {fileID: 114202215213316416, guid: 00ed8c25e30ae5041843c8c084cae531,
        type: 2}
      propertyPath: allFollower.Array.data[0]
      value: 
      objectReference: {fileID: 1140973194}
    - target: {fileID: 114202215213316416, guid: 00ed8c25e30ae5041843c8c084cae531,
        type: 2}
      propertyPath: allFollower.Array.data[1]
      value: 
      objectReference: {fileID: 1076957017}
    m_RemovedComponents: []
  m_ParentPrefab: {fileID: 100100000, guid: 00ed8c25e30ae5041843c8c084cae531, type: 2}
  m_IsPrefabParent: 0
--- !u!1 &2038236675
GameObject:
  m_ObjectHideFlags: 0
  m_PrefabParentObject: {fileID: 0}
  m_PrefabInternal: {fileID: 0}
  serializedVersion: 5
  m_Component:
  - component: {fileID: 2038236676}
  m_Layer: 0
  m_Name: Doors
  m_TagString: Untagged
  m_Icon: {fileID: 0}
  m_NavMeshLayer: 0
  m_StaticEditorFlags: 0
  m_IsActive: 1
--- !u!4 &2038236676
Transform:
  m_ObjectHideFlags: 0
  m_PrefabParentObject: {fileID: 0}
  m_PrefabInternal: {fileID: 0}
  m_GameObject: {fileID: 2038236675}
  m_LocalRotation: {x: 0, y: 0, z: 0, w: 1}
  m_LocalPosition: {x: 1.5198237, y: 4.7267046, z: 1.8945462}
  m_LocalScale: {x: 1, y: 1, z: 1}
  m_Children:
  - {fileID: 1904060233}
  - {fileID: 360070014}
  m_Father: {fileID: 0}
  m_RootOrder: 9
  m_LocalEulerAnglesHint: {x: 0, y: 0, z: 0}
--- !u!1 &2058286370
GameObject:
  m_ObjectHideFlags: 0
  m_PrefabParentObject: {fileID: 0}
  m_PrefabInternal: {fileID: 0}
  serializedVersion: 5
  m_Component:
  - component: {fileID: 2058286371}
  m_Layer: 0
  m_Name: Switch
  m_TagString: Untagged
  m_Icon: {fileID: 0}
  m_NavMeshLayer: 0
  m_StaticEditorFlags: 0
  m_IsActive: 1
--- !u!4 &2058286371
Transform:
  m_ObjectHideFlags: 0
  m_PrefabParentObject: {fileID: 0}
  m_PrefabInternal: {fileID: 0}
  m_GameObject: {fileID: 2058286370}
  m_LocalRotation: {x: 0, y: 0, z: 0, w: 1}
  m_LocalPosition: {x: 2.9579625, y: 7.8541975, z: 1.8789504}
  m_LocalScale: {x: 1, y: 1, z: 1}
  m_Children:
  - {fileID: 1862653527}
  - {fileID: 959929823}
  m_Father: {fileID: 0}
  m_RootOrder: 8
  m_LocalEulerAnglesHint: {x: 0, y: 0, z: 0}
--- !u!1001 &2107981123
Prefab:
  m_ObjectHideFlags: 0
  serializedVersion: 2
  m_Modification:
    m_TransformParent: {fileID: 0}
    m_Modifications:
    - target: {fileID: 4487357537033022, guid: 8bde41514cdc2ed48a199137e277f057, type: 2}
      propertyPath: m_LocalPosition.x
      value: 2.3214443
      objectReference: {fileID: 0}
    - target: {fileID: 4487357537033022, guid: 8bde41514cdc2ed48a199137e277f057, type: 2}
      propertyPath: m_LocalPosition.y
      value: 14.145551
      objectReference: {fileID: 0}
    - target: {fileID: 4487357537033022, guid: 8bde41514cdc2ed48a199137e277f057, type: 2}
      propertyPath: m_LocalPosition.z
      value: 0
      objectReference: {fileID: 0}
    - target: {fileID: 4487357537033022, guid: 8bde41514cdc2ed48a199137e277f057, type: 2}
      propertyPath: m_LocalRotation.x
      value: 0
      objectReference: {fileID: 0}
    - target: {fileID: 4487357537033022, guid: 8bde41514cdc2ed48a199137e277f057, type: 2}
      propertyPath: m_LocalRotation.y
      value: 0
      objectReference: {fileID: 0}
    - target: {fileID: 4487357537033022, guid: 8bde41514cdc2ed48a199137e277f057, type: 2}
      propertyPath: m_LocalRotation.z
      value: 0
      objectReference: {fileID: 0}
    - target: {fileID: 4487357537033022, guid: 8bde41514cdc2ed48a199137e277f057, type: 2}
      propertyPath: m_LocalRotation.w
      value: 1
      objectReference: {fileID: 0}
    - target: {fileID: 4487357537033022, guid: 8bde41514cdc2ed48a199137e277f057, type: 2}
      propertyPath: m_RootOrder
      value: 1
      objectReference: {fileID: 0}
    - target: {fileID: 1410551172439206, guid: 8bde41514cdc2ed48a199137e277f057, type: 2}
      propertyPath: m_Name
      value: fragile_crate 1 (1)
      objectReference: {fileID: 0}
    m_RemovedComponents: []
  m_ParentPrefab: {fileID: 100100000, guid: 8bde41514cdc2ed48a199137e277f057, type: 2}
  m_IsPrefabParent: 0
