%YAML 1.1
%TAG !u! tag:unity3d.com,2011:
--- !u!29 &1
OcclusionCullingSettings:
  m_ObjectHideFlags: 0
  serializedVersion: 2
  m_OcclusionBakeSettings:
    smallestOccluder: 5
    smallestHole: 0.25
    backfaceThreshold: 100
  m_SceneGUID: 00000000000000000000000000000000
  m_OcclusionCullingData: {fileID: 0}
--- !u!104 &2
RenderSettings:
  m_ObjectHideFlags: 0
  serializedVersion: 8
  m_Fog: 0
  m_FogColor: {r: 0.5, g: 0.5, b: 0.5, a: 1}
  m_FogMode: 3
  m_FogDensity: 0.01
  m_LinearFogStart: 0
  m_LinearFogEnd: 300
  m_AmbientSkyColor: {r: 0.212, g: 0.227, b: 0.259, a: 1}
  m_AmbientEquatorColor: {r: 0.114, g: 0.125, b: 0.133, a: 1}
  m_AmbientGroundColor: {r: 0.047, g: 0.043, b: 0.035, a: 1}
  m_AmbientIntensity: 1
  m_AmbientMode: 3
  m_SubtractiveShadowColor: {r: 0.42, g: 0.478, b: 0.627, a: 1}
  m_SkyboxMaterial: {fileID: 0}
  m_HaloStrength: 0.5
  m_FlareStrength: 1
  m_FlareFadeSpeed: 3
  m_HaloTexture: {fileID: 0}
  m_SpotCookie: {fileID: 10001, guid: 0000000000000000e000000000000000, type: 0}
  m_DefaultReflectionMode: 0
  m_DefaultReflectionResolution: 128
  m_ReflectionBounces: 1
  m_ReflectionIntensity: 1
  m_CustomReflection: {fileID: 0}
  m_Sun: {fileID: 0}
  m_IndirectSpecularColor: {r: 0, g: 0, b: 0, a: 1}
--- !u!157 &3
LightmapSettings:
  m_ObjectHideFlags: 0
  serializedVersion: 11
  m_GIWorkflowMode: 1
  m_GISettings:
    serializedVersion: 2
    m_BounceScale: 1
    m_IndirectOutputScale: 1
    m_AlbedoBoost: 1
    m_TemporalCoherenceThreshold: 1
    m_EnvironmentLightingMode: 0
    m_EnableBakedLightmaps: 0
    m_EnableRealtimeLightmaps: 0
  m_LightmapEditorSettings:
    serializedVersion: 9
    m_Resolution: 2
    m_BakeResolution: 40
    m_TextureWidth: 1024
    m_TextureHeight: 1024
    m_AO: 0
    m_AOMaxDistance: 1
    m_CompAOExponent: 1
    m_CompAOExponentDirect: 0
    m_Padding: 2
    m_LightmapParameters: {fileID: 0}
    m_LightmapsBakeMode: 1
    m_TextureCompression: 1
    m_FinalGather: 0
    m_FinalGatherFiltering: 1
    m_FinalGatherRayCount: 256
    m_ReflectionCompression: 2
    m_MixedBakeMode: 2
    m_BakeBackend: 0
    m_PVRSampling: 1
    m_PVRDirectSampleCount: 32
    m_PVRSampleCount: 500
    m_PVRBounces: 2
    m_PVRFilterTypeDirect: 0
    m_PVRFilterTypeIndirect: 0
    m_PVRFilterTypeAO: 0
    m_PVRFilteringMode: 1
    m_PVRCulling: 1
    m_PVRFilteringGaussRadiusDirect: 1
    m_PVRFilteringGaussRadiusIndirect: 5
    m_PVRFilteringGaussRadiusAO: 2
    m_PVRFilteringAtrousPositionSigmaDirect: 0.5
    m_PVRFilteringAtrousPositionSigmaIndirect: 2
    m_PVRFilteringAtrousPositionSigmaAO: 1
    m_ShowResolutionOverlay: 1
  m_LightingDataAsset: {fileID: 0}
  m_UseShadowmask: 1
--- !u!196 &4
NavMeshSettings:
  serializedVersion: 2
  m_ObjectHideFlags: 0
  m_BuildSettings:
    serializedVersion: 2
    agentTypeID: 0
    agentRadius: 0.5
    agentHeight: 2
    agentSlope: 45
    agentClimb: 0.4
    ledgeDropHeight: 0
    maxJumpAcrossDistance: 0
    minRegionArea: 2
    manualCellSize: 0
    cellSize: 0.16666667
    manualTileSize: 0
    tileSize: 256
    accuratePlacement: 0
    debug:
      m_Flags: 0
  m_NavMeshData: {fileID: 0}
--- !u!1 &71868829 stripped
GameObject:
  m_PrefabParentObject: {fileID: 1379952276165648, guid: bd823cdc941354a069709b49b482b32f,
    type: 2}
  m_PrefabInternal: {fileID: 1815965519}
--- !u!114 &71868831
MonoBehaviour:
  m_ObjectHideFlags: 0
  m_PrefabParentObject: {fileID: 0}
  m_PrefabInternal: {fileID: 0}
  m_GameObject: {fileID: 71868829}
  m_Enabled: 1
  m_EditorHideFlags: 0
  m_Script: {fileID: 11500000, guid: cd07488839cd14d368b9f6e14a1fd4c7, type: 3}
  m_Name: 
  m_EditorClassIdentifier: 
  wheelChosenMinionGO: {fileID: 71868829}
  playerGO: {fileID: 0}
  player: {fileID: 0}
  currentMinion: 0
  minion: []
--- !u!1001 &78342163
Prefab:
  m_ObjectHideFlags: 0
  serializedVersion: 2
  m_Modification:
    m_TransformParent: {fileID: 535614652}
    m_Modifications:
    - target: {fileID: 4046901959337332, guid: f7564e367a6072245a626971e714c05f, type: 2}
      propertyPath: m_LocalPosition.x
      value: -4.94
      objectReference: {fileID: 0}
    - target: {fileID: 4046901959337332, guid: f7564e367a6072245a626971e714c05f, type: 2}
      propertyPath: m_LocalPosition.y
      value: 3.45
      objectReference: {fileID: 0}
    - target: {fileID: 4046901959337332, guid: f7564e367a6072245a626971e714c05f, type: 2}
      propertyPath: m_LocalPosition.z
      value: 1.9625964
      objectReference: {fileID: 0}
    - target: {fileID: 4046901959337332, guid: f7564e367a6072245a626971e714c05f, type: 2}
      propertyPath: m_LocalRotation.x
      value: -0
      objectReference: {fileID: 0}
    - target: {fileID: 4046901959337332, guid: f7564e367a6072245a626971e714c05f, type: 2}
      propertyPath: m_LocalRotation.y
      value: -0
      objectReference: {fileID: 0}
    - target: {fileID: 4046901959337332, guid: f7564e367a6072245a626971e714c05f, type: 2}
      propertyPath: m_LocalRotation.z
      value: -0
      objectReference: {fileID: 0}
    - target: {fileID: 4046901959337332, guid: f7564e367a6072245a626971e714c05f, type: 2}
      propertyPath: m_LocalRotation.w
      value: 1
      objectReference: {fileID: 0}
    - target: {fileID: 4046901959337332, guid: f7564e367a6072245a626971e714c05f, type: 2}
      propertyPath: m_RootOrder
      value: 2
      objectReference: {fileID: 0}
    - target: {fileID: 1158203548560396, guid: f7564e367a6072245a626971e714c05f, type: 2}
      propertyPath: m_Name
      value: crate 1 (1)
      objectReference: {fileID: 0}
    - target: {fileID: 61204453043670320, guid: f7564e367a6072245a626971e714c05f,
        type: 2}
      propertyPath: m_Offset.x
      value: 0.01311551
      objectReference: {fileID: 0}
    - target: {fileID: 61204453043670320, guid: f7564e367a6072245a626971e714c05f,
        type: 2}
      propertyPath: m_Size.x
      value: 0.9311085
      objectReference: {fileID: 0}
    m_RemovedComponents: []
  m_ParentPrefab: {fileID: 100100000, guid: f7564e367a6072245a626971e714c05f, type: 2}
  m_IsPrefabParent: 0
--- !u!4 &78342164 stripped
Transform:
  m_PrefabParentObject: {fileID: 4046901959337332, guid: f7564e367a6072245a626971e714c05f,
    type: 2}
  m_PrefabInternal: {fileID: 78342163}
--- !u!1 &211601463
GameObject:
  m_ObjectHideFlags: 0
  m_PrefabParentObject: {fileID: 0}
  m_PrefabInternal: {fileID: 0}
  serializedVersion: 5
  m_Component:
  - component: {fileID: 211601468}
  - component: {fileID: 211601467}
  - component: {fileID: 211601466}
  - component: {fileID: 211601465}
  - component: {fileID: 211601464}
  m_Layer: 0
  m_Name: 'Main Camera '
  m_TagString: MainCamera
  m_Icon: {fileID: 0}
  m_NavMeshLayer: 0
  m_StaticEditorFlags: 0
  m_IsActive: 1
--- !u!114 &211601464
MonoBehaviour:
  m_ObjectHideFlags: 0
  m_PrefabParentObject: {fileID: 0}
  m_PrefabInternal: {fileID: 0}
  m_GameObject: {fileID: 211601463}
  m_Enabled: 1
  m_EditorHideFlags: 0
  m_Script: {fileID: 11500000, guid: 916c91a21ab3cc04882e58617cc8e492, type: 3}
  m_Name: 
  m_EditorClassIdentifier: 
  player: {fileID: 0}
--- !u!81 &211601465
AudioListener:
  m_ObjectHideFlags: 0
  m_PrefabParentObject: {fileID: 0}
  m_PrefabInternal: {fileID: 0}
  m_GameObject: {fileID: 211601463}
  m_Enabled: 1
--- !u!124 &211601466
Behaviour:
  m_ObjectHideFlags: 0
  m_PrefabParentObject: {fileID: 0}
  m_PrefabInternal: {fileID: 0}
  m_GameObject: {fileID: 211601463}
  m_Enabled: 1
--- !u!20 &211601467
Camera:
  m_ObjectHideFlags: 0
  m_PrefabParentObject: {fileID: 0}
  m_PrefabInternal: {fileID: 0}
  m_GameObject: {fileID: 211601463}
  m_Enabled: 1
  serializedVersion: 2
  m_ClearFlags: 1
  m_BackGroundColor: {r: 0.1254902, g: 0.1254902, b: 0.1254902, a: 0}
  m_NormalizedViewPortRect:
    serializedVersion: 2
    x: 0
    y: 0
    width: 1
    height: 1
  near clip plane: 0.3
  far clip plane: 1000
  field of view: 60
  orthographic: 1
  orthographic size: 5
  m_Depth: -1
  m_CullingMask:
    serializedVersion: 2
    m_Bits: 4294967295
  m_RenderingPath: -1
  m_TargetTexture: {fileID: 0}
  m_TargetDisplay: 0
  m_TargetEye: 3
  m_HDR: 1
  m_AllowMSAA: 1
  m_AllowDynamicResolution: 0
  m_ForceIntoRT: 0
  m_OcclusionCulling: 1
  m_StereoConvergence: 10
  m_StereoSeparation: 0.022
--- !u!4 &211601468
Transform:
  m_ObjectHideFlags: 0
  m_PrefabParentObject: {fileID: 0}
  m_PrefabInternal: {fileID: 0}
  m_GameObject: {fileID: 211601463}
  m_LocalRotation: {x: 0, y: 0, z: 0, w: 1}
  m_LocalPosition: {x: 0, y: 0, z: -10}
  m_LocalScale: {x: 1, y: 1, z: 1}
  m_Children:
  - {fileID: 959721469}
  m_Father: {fileID: 0}
  m_RootOrder: 0
  m_LocalEulerAnglesHint: {x: 0, y: 0, z: 0}
--- !u!1001 &239461278
Prefab:
  m_ObjectHideFlags: 0
  serializedVersion: 2
  m_Modification:
    m_TransformParent: {fileID: 535614652}
    m_Modifications:
    - target: {fileID: 4046901959337332, guid: f7564e367a6072245a626971e714c05f, type: 2}
      propertyPath: m_LocalPosition.x
      value: -4.94
      objectReference: {fileID: 0}
    - target: {fileID: 4046901959337332, guid: f7564e367a6072245a626971e714c05f, type: 2}
      propertyPath: m_LocalPosition.y
      value: -6.84
      objectReference: {fileID: 0}
    - target: {fileID: 4046901959337332, guid: f7564e367a6072245a626971e714c05f, type: 2}
      propertyPath: m_LocalPosition.z
      value: 1.9625964
      objectReference: {fileID: 0}
    - target: {fileID: 4046901959337332, guid: f7564e367a6072245a626971e714c05f, type: 2}
      propertyPath: m_LocalRotation.x
      value: -0
      objectReference: {fileID: 0}
    - target: {fileID: 4046901959337332, guid: f7564e367a6072245a626971e714c05f, type: 2}
      propertyPath: m_LocalRotation.y
      value: -0
      objectReference: {fileID: 0}
    - target: {fileID: 4046901959337332, guid: f7564e367a6072245a626971e714c05f, type: 2}
      propertyPath: m_LocalRotation.z
      value: -0
      objectReference: {fileID: 0}
    - target: {fileID: 4046901959337332, guid: f7564e367a6072245a626971e714c05f, type: 2}
      propertyPath: m_LocalRotation.w
      value: 1
      objectReference: {fileID: 0}
    - target: {fileID: 4046901959337332, guid: f7564e367a6072245a626971e714c05f, type: 2}
      propertyPath: m_RootOrder
      value: 1
      objectReference: {fileID: 0}
    m_RemovedComponents: []
  m_ParentPrefab: {fileID: 100100000, guid: f7564e367a6072245a626971e714c05f, type: 2}
  m_IsPrefabParent: 0
--- !u!4 &239461279 stripped
Transform:
  m_PrefabParentObject: {fileID: 4046901959337332, guid: f7564e367a6072245a626971e714c05f,
    type: 2}
  m_PrefabInternal: {fileID: 239461278}
--- !u!4 &391551505 stripped
Transform:
  m_PrefabParentObject: {fileID: 4065349263463696, guid: fdbe29fe2d2f84644a0fe71358919c5d,
    type: 2}
  m_PrefabInternal: {fileID: 576723187}
--- !u!1001 &454846972
Prefab:
  m_ObjectHideFlags: 0
  serializedVersion: 2
  m_Modification:
    m_TransformParent: {fileID: 0}
    m_Modifications:
    - target: {fileID: 4286672046578028, guid: 37cb799def4553d4c827d63f771264d2, type: 2}
      propertyPath: m_LocalPosition.x
      value: 0.017
      objectReference: {fileID: 0}
    - target: {fileID: 4286672046578028, guid: 37cb799def4553d4c827d63f771264d2, type: 2}
      propertyPath: m_LocalPosition.y
      value: -3.02
      objectReference: {fileID: 0}
    - target: {fileID: 4286672046578028, guid: 37cb799def4553d4c827d63f771264d2, type: 2}
      propertyPath: m_LocalPosition.z
      value: 1
      objectReference: {fileID: 0}
    - target: {fileID: 4286672046578028, guid: 37cb799def4553d4c827d63f771264d2, type: 2}
      propertyPath: m_LocalRotation.x
      value: 0
      objectReference: {fileID: 0}
    - target: {fileID: 4286672046578028, guid: 37cb799def4553d4c827d63f771264d2, type: 2}
      propertyPath: m_LocalRotation.y
      value: 0
      objectReference: {fileID: 0}
    - target: {fileID: 4286672046578028, guid: 37cb799def4553d4c827d63f771264d2, type: 2}
      propertyPath: m_LocalRotation.z
      value: 0
      objectReference: {fileID: 0}
    - target: {fileID: 4286672046578028, guid: 37cb799def4553d4c827d63f771264d2, type: 2}
      propertyPath: m_LocalRotation.w
      value: 1
      objectReference: {fileID: 0}
    - target: {fileID: 4286672046578028, guid: 37cb799def4553d4c827d63f771264d2, type: 2}
      propertyPath: m_RootOrder
      value: 2
      objectReference: {fileID: 0}
    - target: {fileID: 4286672046578028, guid: 37cb799def4553d4c827d63f771264d2, type: 2}
      propertyPath: m_LocalScale.x
      value: 0.5071684
      objectReference: {fileID: 0}
    - target: {fileID: 114504618841455982, guid: 37cb799def4553d4c827d63f771264d2,
        type: 2}
      propertyPath: scene
      value: level003
      objectReference: {fileID: 0}
    - target: {fileID: 1485706157616190, guid: 37cb799def4553d4c827d63f771264d2, type: 2}
      propertyPath: m_Name
      value: Entrance
      objectReference: {fileID: 0}
    - target: {fileID: 212603131478184840, guid: 37cb799def4553d4c827d63f771264d2,
        type: 2}
      propertyPath: m_Sprite
      value: 
      objectReference: {fileID: 21300000, guid: d36202537a2ba564c989e0ec6d5e9215,
        type: 3}
    m_RemovedComponents: []
  m_ParentPrefab: {fileID: 100100000, guid: 37cb799def4553d4c827d63f771264d2, type: 2}
  m_IsPrefabParent: 0
--- !u!1 &535614651
GameObject:
  m_ObjectHideFlags: 0
  m_PrefabParentObject: {fileID: 0}
  m_PrefabInternal: {fileID: 0}
  serializedVersion: 5
  m_Component:
  - component: {fileID: 535614652}
  m_Layer: 0
  m_Name: Crates
  m_TagString: Untagged
  m_Icon: {fileID: 0}
  m_NavMeshLayer: 0
  m_StaticEditorFlags: 0
  m_IsActive: 1
--- !u!4 &535614652
Transform:
  m_ObjectHideFlags: 0
  m_PrefabParentObject: {fileID: 0}
  m_PrefabInternal: {fileID: 0}
  m_GameObject: {fileID: 535614651}
  m_LocalRotation: {x: 0, y: 0, z: 0, w: 1}
  m_LocalPosition: {x: 4.9951224, y: 8.7187805, z: 0.037403543}
  m_LocalScale: {x: 1, y: 1, z: 1}
  m_Children:
  - {fileID: 1702945715}
  - {fileID: 239461279}
  - {fileID: 78342164}
  m_Father: {fileID: 0}
  m_RootOrder: 5
  m_LocalEulerAnglesHint: {x: 0, y: 0, z: 0}
--- !u!1001 &576723187
Prefab:
  m_ObjectHideFlags: 0
  serializedVersion: 2
  m_Modification:
    m_TransformParent: {fileID: 1695778125}
    m_Modifications:
    - target: {fileID: 4065349263463696, guid: fdbe29fe2d2f84644a0fe71358919c5d, type: 2}
      propertyPath: m_LocalPosition.x
      value: -4.97
      objectReference: {fileID: 0}
    - target: {fileID: 4065349263463696, guid: fdbe29fe2d2f84644a0fe71358919c5d, type: 2}
      propertyPath: m_LocalPosition.y
      value: -5.57
      objectReference: {fileID: 0}
    - target: {fileID: 4065349263463696, guid: fdbe29fe2d2f84644a0fe71358919c5d, type: 2}
      propertyPath: m_LocalPosition.z
      value: 3
      objectReference: {fileID: 0}
    - target: {fileID: 4065349263463696, guid: fdbe29fe2d2f84644a0fe71358919c5d, type: 2}
      propertyPath: m_LocalRotation.x
      value: -0
      objectReference: {fileID: 0}
    - target: {fileID: 4065349263463696, guid: fdbe29fe2d2f84644a0fe71358919c5d, type: 2}
      propertyPath: m_LocalRotation.y
      value: -0
      objectReference: {fileID: 0}
    - target: {fileID: 4065349263463696, guid: fdbe29fe2d2f84644a0fe71358919c5d, type: 2}
      propertyPath: m_LocalRotation.z
      value: -0
      objectReference: {fileID: 0}
    - target: {fileID: 4065349263463696, guid: fdbe29fe2d2f84644a0fe71358919c5d, type: 2}
      propertyPath: m_LocalRotation.w
      value: 1
      objectReference: {fileID: 0}
    - target: {fileID: 4065349263463696, guid: fdbe29fe2d2f84644a0fe71358919c5d, type: 2}
      propertyPath: m_RootOrder
      value: 1
      objectReference: {fileID: 0}
    - target: {fileID: 1433676777038158, guid: fdbe29fe2d2f84644a0fe71358919c5d, type: 2}
      propertyPath: m_Name
      value: water_tile (4)
      objectReference: {fileID: 0}
    - target: {fileID: 4065349263463696, guid: fdbe29fe2d2f84644a0fe71358919c5d, type: 2}
      propertyPath: m_LocalScale.y
      value: 2
      objectReference: {fileID: 0}
    - target: {fileID: 4065349263463696, guid: fdbe29fe2d2f84644a0fe71358919c5d, type: 2}
      propertyPath: m_LocalScale.x
      value: 2
      objectReference: {fileID: 0}
    - target: {fileID: 4065349263463696, guid: fdbe29fe2d2f84644a0fe71358919c5d, type: 2}
      propertyPath: m_LocalScale.z
      value: 0.60600996
      objectReference: {fileID: 0}
    - target: {fileID: 212830810157299558, guid: fdbe29fe2d2f84644a0fe71358919c5d,
        type: 2}
      propertyPath: m_SortingLayerID
      value: -126229679
      objectReference: {fileID: 0}
    - target: {fileID: 212830810157299558, guid: fdbe29fe2d2f84644a0fe71358919c5d,
        type: 2}
      propertyPath: m_SortingLayer
      value: -1
      objectReference: {fileID: 0}
    - target: {fileID: 1433676777038158, guid: fdbe29fe2d2f84644a0fe71358919c5d, type: 2}
      propertyPath: m_Layer
      value: 4
      objectReference: {fileID: 0}
    m_RemovedComponents: []
  m_ParentPrefab: {fileID: 100100000, guid: fdbe29fe2d2f84644a0fe71358919c5d, type: 2}
  m_IsPrefabParent: 0
--- !u!1001 &919194290
Prefab:
  m_ObjectHideFlags: 0
  serializedVersion: 2
  m_Modification:
    m_TransformParent: {fileID: 535614652}
    m_Modifications:
    - target: {fileID: 4487357537033022, guid: 8bde41514cdc2ed48a199137e277f057, type: 2}
      propertyPath: m_LocalPosition.x
      value: -5.0181894
      objectReference: {fileID: 0}
    - target: {fileID: 4487357537033022, guid: 8bde41514cdc2ed48a199137e277f057, type: 2}
      propertyPath: m_LocalPosition.y
      value: 0.82121944
      objectReference: {fileID: 0}
    - target: {fileID: 4487357537033022, guid: 8bde41514cdc2ed48a199137e277f057, type: 2}
      propertyPath: m_LocalPosition.z
      value: -0.037403543
      objectReference: {fileID: 0}
    - target: {fileID: 4487357537033022, guid: 8bde41514cdc2ed48a199137e277f057, type: 2}
      propertyPath: m_LocalRotation.x
      value: -0
      objectReference: {fileID: 0}
    - target: {fileID: 4487357537033022, guid: 8bde41514cdc2ed48a199137e277f057, type: 2}
      propertyPath: m_LocalRotation.y
      value: -0
      objectReference: {fileID: 0}
    - target: {fileID: 4487357537033022, guid: 8bde41514cdc2ed48a199137e277f057, type: 2}
      propertyPath: m_LocalRotation.z
      value: -0
      objectReference: {fileID: 0}
    - target: {fileID: 4487357537033022, guid: 8bde41514cdc2ed48a199137e277f057, type: 2}
      propertyPath: m_LocalRotation.w
      value: 1
      objectReference: {fileID: 0}
    - target: {fileID: 4487357537033022, guid: 8bde41514cdc2ed48a199137e277f057, type: 2}
      propertyPath: m_RootOrder
      value: 0
      objectReference: {fileID: 0}
    m_RemovedComponents: []
  m_ParentPrefab: {fileID: 100100000, guid: 8bde41514cdc2ed48a199137e277f057, type: 2}
  m_IsPrefabParent: 0
--- !u!1 &936167640
GameObject:
  m_ObjectHideFlags: 0
  m_PrefabParentObject: {fileID: 0}
  m_PrefabInternal: {fileID: 0}
  serializedVersion: 5
  m_Component:
  - component: {fileID: 936167641}
  m_Layer: 0
  m_Name: Followers
  m_TagString: Untagged
  m_Icon: {fileID: 0}
  m_NavMeshLayer: 0
  m_StaticEditorFlags: 0
  m_IsActive: 1
--- !u!4 &936167641
Transform:
  m_ObjectHideFlags: 0
  m_PrefabParentObject: {fileID: 0}
  m_PrefabInternal: {fileID: 0}
  m_GameObject: {fileID: 936167640}
  m_LocalRotation: {x: 0, y: 0, z: 0, w: 1}
  m_LocalPosition: {x: 0.5281242, y: 7.0857196, z: 1.9734752}
  m_LocalScale: {x: 1, y: 1, z: 1}
  m_Children:
  - {fileID: 2033675388}
  - {fileID: 1074895704}
  m_Father: {fileID: 0}
  m_RootOrder: 6
  m_LocalEulerAnglesHint: {x: 0, y: 0, z: 0}
--- !u!4 &959721469 stripped
Transform:
  m_PrefabParentObject: {fileID: 4269137998794500, guid: bd823cdc941354a069709b49b482b32f,
    type: 2}
  m_PrefabInternal: {fileID: 1815965519}
--- !u!1 &1074895703
GameObject:
  m_ObjectHideFlags: 0
  m_PrefabParentObject: {fileID: 0}
  m_PrefabInternal: {fileID: 0}
  serializedVersion: 5
  m_Component:
  - component: {fileID: 1074895704}
  - component: {fileID: 1074895707}
  - component: {fileID: 1074895706}
  - component: {fileID: 1074895705}
  m_Layer: 5
  m_Name: F1
  m_TagString: Untagged
  m_Icon: {fileID: 0}
  m_NavMeshLayer: 0
  m_StaticEditorFlags: 0
  m_IsActive: 1
--- !u!4 &1074895704
Transform:
  m_ObjectHideFlags: 0
  m_PrefabParentObject: {fileID: 0}
  m_PrefabInternal: {fileID: 0}
  m_GameObject: {fileID: 1074895703}
  m_LocalRotation: {x: -0, y: -0, z: -0, w: 1}
  m_LocalPosition: {x: -0.86487144, y: -8.11597, z: -1.9734752}
  m_LocalScale: {x: 0.2, y: 0.2, z: 1}
  m_Children: []
  m_Father: {fileID: 936167641}
  m_RootOrder: 1
  m_LocalEulerAnglesHint: {x: 0, y: 0, z: 0}
--- !u!114 &1074895705
MonoBehaviour:
  m_ObjectHideFlags: 0
  m_PrefabParentObject: {fileID: 0}
  m_PrefabInternal: {fileID: 0}
  m_GameObject: {fileID: 1074895703}
  m_Enabled: 1
  m_EditorHideFlags: 0
  m_Script: {fileID: 11500000, guid: eab4e1c16a6def54295f04eb2f2dfe2c, type: 3}
  m_Name: 
  m_EditorClassIdentifier: 
  maxSpeed: {x: 6, y: 6}
  folow: F0
  myPos: {x: -4.044959, y: -0.90448356, z: 9.42338}
  skins: []
  followed: {fileID: 0}
--- !u!61 &1074895706
BoxCollider2D:
  m_ObjectHideFlags: 0
  m_PrefabParentObject: {fileID: 0}
  m_PrefabInternal: {fileID: 0}
  m_GameObject: {fileID: 1074895703}
  m_Enabled: 1
  m_Density: 1
  m_Material: {fileID: 0}
  m_IsTrigger: 0
  m_UsedByEffector: 0
  m_UsedByComposite: 0
  m_Offset: {x: 0, y: 0}
  m_SpriteTilingProperty:
    border: {x: 0, y: 0, z: 0, w: 0}
    pivot: {x: 0.5, y: 0.5}
    oldSize: {x: 3.22, y: 2.94}
    newSize: {x: 1.28, y: 1.28}
    adaptiveTilingThreshold: 0.5
    drawMode: 0
    adaptiveTiling: 0
  m_AutoTiling: 0
  serializedVersion: 2
  m_Size: {x: 0.0001, y: 0.0001}
  m_EdgeRadius: 0
--- !u!212 &1074895707
SpriteRenderer:
  m_ObjectHideFlags: 0
  m_PrefabParentObject: {fileID: 0}
  m_PrefabInternal: {fileID: 0}
  m_GameObject: {fileID: 1074895703}
  m_Enabled: 1
  m_CastShadows: 0
  m_ReceiveShadows: 0
  m_DynamicOccludee: 1
  m_MotionVectors: 1
  m_LightProbeUsage: 1
  m_ReflectionProbeUsage: 1
  m_Materials:
  - {fileID: 10754, guid: 0000000000000000f000000000000000, type: 0}
  m_StaticBatchInfo:
    firstSubMesh: 0
    subMeshCount: 0
  m_StaticBatchRoot: {fileID: 0}
  m_ProbeAnchor: {fileID: 0}
  m_LightProbeVolumeOverride: {fileID: 0}
  m_ScaleInLightmap: 1
  m_PreserveUVs: 0
  m_IgnoreNormalsForChartDetection: 0
  m_ImportantGI: 0
  m_StitchLightmapSeams: 0
  m_SelectedEditorRenderState: 0
  m_MinimumChartSize: 4
  m_AutoUVMaxDistance: 0.5
  m_AutoUVMaxAngle: 89
  m_LightmapParameters: {fileID: 0}
  m_SortingLayerID: 847847437
  m_SortingLayer: 1
  m_SortingOrder: 0
  m_Sprite: {fileID: 21300000, guid: ce1537c393cfa8d4abc1fd5dece9fa97, type: 3}
  m_Color: {r: 1, g: 1, b: 1, a: 1}
  m_FlipX: 0
  m_FlipY: 0
  m_DrawMode: 0
  m_Size: {x: 1.28, y: 1.28}
  m_AdaptiveModeThreshold: 0.5
  m_SpriteTileMode: 0
  m_WasSpriteAssigned: 1
  m_MaskInteraction: 0
--- !u!1001 &1152160521
Prefab:
  m_ObjectHideFlags: 0
  serializedVersion: 2
  m_Modification:
    m_TransformParent: {fileID: 0}
    m_Modifications:
    - target: {fileID: 4207211602205110, guid: 6b9989477c3e0af4296512db58d63bc9, type: 2}
      propertyPath: m_LocalPosition.x
      value: -0.57883704
      objectReference: {fileID: 0}
    - target: {fileID: 4207211602205110, guid: 6b9989477c3e0af4296512db58d63bc9, type: 2}
      propertyPath: m_LocalPosition.y
      value: 9.745635
      objectReference: {fileID: 0}
    - target: {fileID: 4207211602205110, guid: 6b9989477c3e0af4296512db58d63bc9, type: 2}
      propertyPath: m_LocalPosition.z
      value: 0
      objectReference: {fileID: 0}
    - target: {fileID: 4207211602205110, guid: 6b9989477c3e0af4296512db58d63bc9, type: 2}
      propertyPath: m_LocalRotation.x
      value: 0
      objectReference: {fileID: 0}
    - target: {fileID: 4207211602205110, guid: 6b9989477c3e0af4296512db58d63bc9, type: 2}
      propertyPath: m_LocalRotation.y
      value: 0
      objectReference: {fileID: 0}
    - target: {fileID: 4207211602205110, guid: 6b9989477c3e0af4296512db58d63bc9, type: 2}
      propertyPath: m_LocalRotation.z
      value: 0
      objectReference: {fileID: 0}
    - target: {fileID: 4207211602205110, guid: 6b9989477c3e0af4296512db58d63bc9, type: 2}
      propertyPath: m_LocalRotation.w
      value: 1
      objectReference: {fileID: 0}
    - target: {fileID: 4207211602205110, guid: 6b9989477c3e0af4296512db58d63bc9, type: 2}
      propertyPath: m_RootOrder
      value: 1
      objectReference: {fileID: 0}
    - target: {fileID: 4207211602205110, guid: 6b9989477c3e0af4296512db58d63bc9, type: 2}
      propertyPath: m_LocalScale.x
      value: 0.04
      objectReference: {fileID: 0}
    - target: {fileID: 4207211602205110, guid: 6b9989477c3e0af4296512db58d63bc9, type: 2}
      propertyPath: m_LocalScale.y
      value: 0.04
      objectReference: {fileID: 0}
    - target: {fileID: 4366201042304156, guid: 6b9989477c3e0af4296512db58d63bc9, type: 2}
      propertyPath: m_LocalPosition.x
      value: -385
      objectReference: {fileID: 0}
    - target: {fileID: 4366201042304156, guid: 6b9989477c3e0af4296512db58d63bc9, type: 2}
      propertyPath: m_LocalPosition.y
      value: 426.99994
      objectReference: {fileID: 0}
    - target: {fileID: 4368820830545828, guid: 6b9989477c3e0af4296512db58d63bc9, type: 2}
      propertyPath: m_LocalPosition.x
      value: -385
      objectReference: {fileID: 0}
    - target: {fileID: 4368820830545828, guid: 6b9989477c3e0af4296512db58d63bc9, type: 2}
      propertyPath: m_LocalPosition.y
      value: 426.99994
      objectReference: {fileID: 0}
    - target: {fileID: 4697724094069162, guid: 6b9989477c3e0af4296512db58d63bc9, type: 2}
      propertyPath: m_LocalPosition.x
      value: -385
      objectReference: {fileID: 0}
    - target: {fileID: 4697724094069162, guid: 6b9989477c3e0af4296512db58d63bc9, type: 2}
      propertyPath: m_LocalPosition.y
      value: 427
      objectReference: {fileID: 0}
    - target: {fileID: 23516061636231520, guid: 6b9989477c3e0af4296512db58d63bc9,
        type: 2}
      propertyPath: m_SortingLayerID
      value: -126229679
      objectReference: {fileID: 0}
    - target: {fileID: 23516061636231520, guid: 6b9989477c3e0af4296512db58d63bc9,
        type: 2}
      propertyPath: m_SortingLayer
      value: -1
      objectReference: {fileID: 0}
    - target: {fileID: 23258917239667954, guid: 6b9989477c3e0af4296512db58d63bc9,
        type: 2}
      propertyPath: m_SortingLayerID
      value: -126229679
      objectReference: {fileID: 0}
    - target: {fileID: 23258917239667954, guid: 6b9989477c3e0af4296512db58d63bc9,
        type: 2}
      propertyPath: m_SortingLayer
      value: -1
      objectReference: {fileID: 0}
    m_RemovedComponents: []
  m_ParentPrefab: {fileID: 100100000, guid: 6b9989477c3e0af4296512db58d63bc9, type: 2}
  m_IsPrefabParent: 0
--- !u!1001 &1330128936
Prefab:
  m_ObjectHideFlags: 0
  serializedVersion: 2
  m_Modification:
    m_TransformParent: {fileID: 0}
    m_Modifications:
    - target: {fileID: 4025823326912376, guid: 08ee6dca9b6a8fd4f9569d8ea125cd6d, type: 2}
      propertyPath: m_LocalPosition.x
      value: -0.018
      objectReference: {fileID: 0}
    - target: {fileID: 4025823326912376, guid: 08ee6dca9b6a8fd4f9569d8ea125cd6d, type: 2}
      propertyPath: m_LocalPosition.y
      value: 14.7300005
      objectReference: {fileID: 0}
    - target: {fileID: 4025823326912376, guid: 08ee6dca9b6a8fd4f9569d8ea125cd6d, type: 2}
      propertyPath: m_LocalPosition.z
      value: 0
      objectReference: {fileID: 0}
    - target: {fileID: 4025823326912376, guid: 08ee6dca9b6a8fd4f9569d8ea125cd6d, type: 2}
      propertyPath: m_LocalRotation.x
      value: 0
      objectReference: {fileID: 0}
    - target: {fileID: 4025823326912376, guid: 08ee6dca9b6a8fd4f9569d8ea125cd6d, type: 2}
      propertyPath: m_LocalRotation.y
      value: 0
      objectReference: {fileID: 0}
    - target: {fileID: 4025823326912376, guid: 08ee6dca9b6a8fd4f9569d8ea125cd6d, type: 2}
      propertyPath: m_LocalRotation.z
      value: 0
      objectReference: {fileID: 0}
    - target: {fileID: 4025823326912376, guid: 08ee6dca9b6a8fd4f9569d8ea125cd6d, type: 2}
      propertyPath: m_LocalRotation.w
      value: 1
      objectReference: {fileID: 0}
    - target: {fileID: 4025823326912376, guid: 08ee6dca9b6a8fd4f9569d8ea125cd6d, type: 2}
      propertyPath: m_RootOrder
      value: 3
      objectReference: {fileID: 0}
    - target: {fileID: 61481645645786720, guid: 08ee6dca9b6a8fd4f9569d8ea125cd6d,
        type: 2}
      propertyPath: m_Offset.y
      value: -0.00035095215
      objectReference: {fileID: 0}
    - target: {fileID: 61481645645786720, guid: 08ee6dca9b6a8fd4f9569d8ea125cd6d,
        type: 2}
      propertyPath: m_Size.y
      value: 1.7919979
      objectReference: {fileID: 0}
    - target: {fileID: 61481645645786720, guid: 08ee6dca9b6a8fd4f9569d8ea125cd6d,
        type: 2}
      propertyPath: m_Offset.x
      value: 0.031558394
      objectReference: {fileID: 0}
    - target: {fileID: 61481645645786720, guid: 08ee6dca9b6a8fd4f9569d8ea125cd6d,
        type: 2}
      propertyPath: m_Size.x
      value: 1.611198
      objectReference: {fileID: 0}
    - target: {fileID: 1698789097638798, guid: 08ee6dca9b6a8fd4f9569d8ea125cd6d, type: 2}
      propertyPath: m_Layer
      value: 2
      objectReference: {fileID: 0}
    - target: {fileID: 4025823326912376, guid: 08ee6dca9b6a8fd4f9569d8ea125cd6d, type: 2}
      propertyPath: m_LocalScale.y
      value: 0.66499436
      objectReference: {fileID: 0}
    - target: {fileID: 4025823326912376, guid: 08ee6dca9b6a8fd4f9569d8ea125cd6d, type: 2}
      propertyPath: m_LocalScale.x
      value: 0.7293544
      objectReference: {fileID: 0}
    - target: {fileID: 114371758934900954, guid: 08ee6dca9b6a8fd4f9569d8ea125cd6d,
        type: 2}
      propertyPath: scene
      value: level200
      objectReference: {fileID: 0}
    m_RemovedComponents: []
  m_ParentPrefab: {fileID: 100100000, guid: 08ee6dca9b6a8fd4f9569d8ea125cd6d, type: 2}
  m_IsPrefabParent: 0
--- !u!1 &1474589079
GameObject:
  m_ObjectHideFlags: 0
  m_PrefabParentObject: {fileID: 1162474190238778, guid: 00ed8c25e30ae5041843c8c084cae531,
    type: 2}
  m_PrefabInternal: {fileID: 0}
  serializedVersion: 5
  m_Component:
  - component: {fileID: 1474589085}
  - component: {fileID: 1474589084}
  - component: {fileID: 1474589083}
  - component: {fileID: 1474589082}
  - component: {fileID: 1474589081}
  - component: {fileID: 1474589080}
  m_Layer: 0
  m_Name: player 1
  m_TagString: Player
  m_Icon: {fileID: 0}
  m_NavMeshLayer: 0
  m_StaticEditorFlags: 0
  m_IsActive: 1
--- !u!95 &1474589080
Animator:
  serializedVersion: 3
  m_ObjectHideFlags: 0
  m_PrefabParentObject: {fileID: 95291764686175910, guid: 00ed8c25e30ae5041843c8c084cae531,
    type: 2}
  m_PrefabInternal: {fileID: 0}
  m_GameObject: {fileID: 1474589079}
  m_Enabled: 1
  m_Avatar: {fileID: 0}
  m_Controller: {fileID: 9100000, guid: 612ec7794fbc74a03b66f9a057915993, type: 2}
  m_CullingMode: 0
  m_UpdateMode: 0
  m_ApplyRootMotion: 0
  m_LinearVelocityBlending: 0
  m_WarningMessage: 
  m_HasTransformHierarchy: 1
  m_AllowConstantClipSamplingOptimization: 1
--- !u!61 &1474589081
BoxCollider2D:
  m_ObjectHideFlags: 0
  m_PrefabParentObject: {fileID: 61070328934640416, guid: 00ed8c25e30ae5041843c8c084cae531,
    type: 2}
  m_PrefabInternal: {fileID: 0}
  m_GameObject: {fileID: 1474589079}
  m_Enabled: 1
  m_Density: 1
  m_Material: {fileID: 0}
  m_IsTrigger: 0
  m_UsedByEffector: 0
  m_UsedByComposite: 0
  m_Offset: {x: 0, y: 0}
  m_SpriteTilingProperty:
    border: {x: 0, y: 0, z: 0, w: 0}
    pivot: {x: 0.5, y: 0.5}
    oldSize: {x: 3.15, y: 3.45}
    newSize: {x: 1, y: 1}
    adaptiveTilingThreshold: 0.5
    drawMode: 0
    adaptiveTiling: 0
  m_AutoTiling: 0
  serializedVersion: 2
  m_Size: {x: 3.2702246, y: 3.7133307}
  m_EdgeRadius: 0
--- !u!50 &1474589082
Rigidbody2D:
  serializedVersion: 4
  m_ObjectHideFlags: 0
  m_PrefabParentObject: {fileID: 50803713492668772, guid: 00ed8c25e30ae5041843c8c084cae531,
    type: 2}
  m_PrefabInternal: {fileID: 0}
  m_GameObject: {fileID: 1474589079}
  m_BodyType: 0
  m_Simulated: 1
  m_UseFullKinematicContacts: 0
  m_UseAutoMass: 0
  m_Mass: 1
  m_LinearDrag: 0
  m_AngularDrag: 0.05
  m_GravityScale: 0
  m_Material: {fileID: 0}
  m_Interpolate: 0
  m_SleepingMode: 1
  m_CollisionDetection: 0
  m_Constraints: 4
--- !u!114 &1474589083
MonoBehaviour:
  m_ObjectHideFlags: 0
  m_PrefabParentObject: {fileID: 114202215213316416, guid: 00ed8c25e30ae5041843c8c084cae531,
    type: 2}
  m_PrefabInternal: {fileID: 0}
  m_GameObject: {fileID: 1474589079}
  m_Enabled: 1
  m_EditorHideFlags: 0
  m_Script: {fileID: 11500000, guid: 1c9fc0cd876744c6684d556dc836f6b4, type: 3}
  m_Name: 
  m_EditorClassIdentifier: 
  maxSpeed: {x: 6, y: 6}
  myPos: {x: 0, y: 0, z: 0}
  allMinions:
  - {fileID: 114851969173515386, guid: a6a736a5f8e1747c88d69bd667dc44a0, type: 2}
  - {fileID: 114258974395429860, guid: 3e8c4fdc6f7344fd29294149a481a248, type: 2}
  currentMinion: 0
  allFollower:
  - {fileID: 0}
  - {fileID: 0}
--- !u!212 &1474589084
SpriteRenderer:
  m_ObjectHideFlags: 0
  m_PrefabParentObject: {fileID: 212126072029691950, guid: 00ed8c25e30ae5041843c8c084cae531,
    type: 2}
  m_PrefabInternal: {fileID: 0}
  m_GameObject: {fileID: 1474589079}
  m_Enabled: 1
  m_CastShadows: 0
  m_ReceiveShadows: 0
  m_DynamicOccludee: 1
  m_MotionVectors: 1
  m_LightProbeUsage: 1
  m_ReflectionProbeUsage: 1
  m_Materials:
  - {fileID: 10754, guid: 0000000000000000f000000000000000, type: 0}
  m_StaticBatchInfo:
    firstSubMesh: 0
    subMeshCount: 0
  m_StaticBatchRoot: {fileID: 0}
  m_ProbeAnchor: {fileID: 0}
  m_LightProbeVolumeOverride: {fileID: 0}
  m_ScaleInLightmap: 1
  m_PreserveUVs: 0
  m_IgnoreNormalsForChartDetection: 0
  m_ImportantGI: 0
  m_StitchLightmapSeams: 0
  m_SelectedEditorRenderState: 0
  m_MinimumChartSize: 4
  m_AutoUVMaxDistance: 0.5
  m_AutoUVMaxAngle: 89
  m_LightmapParameters: {fileID: 0}
  m_SortingLayerID: 0
  m_SortingLayer: 0
  m_SortingOrder: 3
  m_Sprite: {fileID: 21300004, guid: 96da93a40b2574a58bfc9aec265e49cb, type: 3}
  m_Color: {r: 1, g: 1, b: 1, a: 1}
  m_FlipX: 0
  m_FlipY: 0
  m_DrawMode: 0
  m_Size: {x: 1, y: 1}
  m_AdaptiveModeThreshold: 0.5
  m_SpriteTileMode: 0
  m_WasSpriteAssigned: 1
  m_MaskInteraction: 0
--- !u!4 &1474589085
Transform:
  m_ObjectHideFlags: 0
  m_PrefabParentObject: {fileID: 4868387257545648, guid: 00ed8c25e30ae5041843c8c084cae531,
    type: 2}
  m_PrefabInternal: {fileID: 0}
  m_GameObject: {fileID: 1474589079}
  m_LocalRotation: {x: 0, y: 0, z: 0, w: 1}
  m_LocalPosition: {x: 0.01, y: -0.23, z: 0}
  m_LocalScale: {x: 0.25, y: 0.25, z: 1}
  m_Children: []
  m_Father: {fileID: 0}
  m_RootOrder: 8
  m_LocalEulerAnglesHint: {x: 0, y: 0, z: 0}
--- !u!1001 &1600443130
Prefab:
  m_ObjectHideFlags: 0
  serializedVersion: 2
  m_Modification:
    m_TransformParent: {fileID: 1695778125}
    m_Modifications:
    - target: {fileID: 4065349263463696, guid: fdbe29fe2d2f84644a0fe71358919c5d, type: 2}
      propertyPath: m_LocalPosition.x
      value: -4.94
      objectReference: {fileID: 0}
    - target: {fileID: 4065349263463696, guid: fdbe29fe2d2f84644a0fe71358919c5d, type: 2}
      propertyPath: m_LocalPosition.y
      value: 4.64
      objectReference: {fileID: 0}
    - target: {fileID: 4065349263463696, guid: fdbe29fe2d2f84644a0fe71358919c5d, type: 2}
      propertyPath: m_LocalPosition.z
      value: 3
      objectReference: {fileID: 0}
    - target: {fileID: 4065349263463696, guid: fdbe29fe2d2f84644a0fe71358919c5d, type: 2}
      propertyPath: m_LocalRotation.x
      value: -0
      objectReference: {fileID: 0}
    - target: {fileID: 4065349263463696, guid: fdbe29fe2d2f84644a0fe71358919c5d, type: 2}
      propertyPath: m_LocalRotation.y
      value: -0
      objectReference: {fileID: 0}
    - target: {fileID: 4065349263463696, guid: fdbe29fe2d2f84644a0fe71358919c5d, type: 2}
      propertyPath: m_LocalRotation.z
      value: -0
      objectReference: {fileID: 0}
    - target: {fileID: 4065349263463696, guid: fdbe29fe2d2f84644a0fe71358919c5d, type: 2}
      propertyPath: m_LocalRotation.w
      value: 1
      objectReference: {fileID: 0}
    - target: {fileID: 4065349263463696, guid: fdbe29fe2d2f84644a0fe71358919c5d, type: 2}
      propertyPath: m_RootOrder
      value: 0
      objectReference: {fileID: 0}
    - target: {fileID: 1433676777038158, guid: fdbe29fe2d2f84644a0fe71358919c5d, type: 2}
      propertyPath: m_Name
      value: water_tile (3)
      objectReference: {fileID: 0}
    - target: {fileID: 4065349263463696, guid: fdbe29fe2d2f84644a0fe71358919c5d, type: 2}
      propertyPath: m_LocalScale.y
      value: 2
      objectReference: {fileID: 0}
    - target: {fileID: 4065349263463696, guid: fdbe29fe2d2f84644a0fe71358919c5d, type: 2}
      propertyPath: m_LocalScale.x
      value: 2
      objectReference: {fileID: 0}
    - target: {fileID: 4065349263463696, guid: fdbe29fe2d2f84644a0fe71358919c5d, type: 2}
      propertyPath: m_LocalScale.z
      value: 0.60600996
      objectReference: {fileID: 0}
    - target: {fileID: 1433676777038158, guid: fdbe29fe2d2f84644a0fe71358919c5d, type: 2}
      propertyPath: m_Layer
      value: 4
      objectReference: {fileID: 0}
    m_RemovedComponents: []
  m_ParentPrefab: {fileID: 100100000, guid: fdbe29fe2d2f84644a0fe71358919c5d, type: 2}
  m_IsPrefabParent: 0
--- !u!1 &1695778124
GameObject:
  m_ObjectHideFlags: 0
  m_PrefabParentObject: {fileID: 0}
  m_PrefabInternal: {fileID: 0}
  serializedVersion: 5
  m_Component:
  - component: {fileID: 1695778125}
  m_Layer: 0
  m_Name: Water
  m_TagString: Untagged
  m_Icon: {fileID: 0}
  m_NavMeshLayer: 0
  m_StaticEditorFlags: 0
  m_IsActive: 1
--- !u!4 &1695778125
Transform:
  m_ObjectHideFlags: 0
  m_PrefabParentObject: {fileID: 0}
  m_PrefabInternal: {fileID: 0}
  m_GameObject: {fileID: 1695778124}
  m_LocalRotation: {x: 0, y: 0, z: 0, w: 1}
  m_LocalPosition: {x: 4.9951224, y: 8.7187805, z: 0.037403543}
  m_LocalScale: {x: 1, y: 1, z: 1}
  m_Children:
  - {fileID: 2003432215}
  - {fileID: 391551505}
  m_Father: {fileID: 0}
  m_RootOrder: 4
  m_LocalEulerAnglesHint: {x: 0, y: 0, z: 0}
--- !u!4 &1702945715 stripped
Transform:
  m_PrefabParentObject: {fileID: 4487357537033022, guid: 8bde41514cdc2ed48a199137e277f057,
    type: 2}
  m_PrefabInternal: {fileID: 919194290}
--- !u!1 &1722844943
GameObject:
  m_ObjectHideFlags: 0
  m_PrefabParentObject: {fileID: 0}
  m_PrefabInternal: {fileID: 0}
  serializedVersion: 5
  m_Component:
  - component: {fileID: 1722844945}
  - component: {fileID: 1722844944}
  m_Layer: 0
  m_Name: Sequencer
  m_TagString: Untagged
  m_Icon: {fileID: 0}
  m_NavMeshLayer: 0
  m_StaticEditorFlags: 0
  m_IsActive: 1
--- !u!114 &1722844944
MonoBehaviour:
  m_ObjectHideFlags: 0
  m_PrefabParentObject: {fileID: 0}
  m_PrefabInternal: {fileID: 0}
  m_GameObject: {fileID: 1722844943}
  m_Enabled: 1
  m_EditorHideFlags: 0
  m_Script: {fileID: 11500000, guid: cd07488839cd14d368b9f6e14a1fd4c7, type: 3}
  m_Name: 
  m_EditorClassIdentifier: 
  wheelChosenMinionGO: {fileID: 0}
  playerGO: {fileID: 0}
  player: {fileID: 0}
  currentMinion: 0
  minion: []
--- !u!4 &1722844945
Transform:
  m_ObjectHideFlags: 0
  m_PrefabParentObject: {fileID: 0}
  m_PrefabInternal: {fileID: 0}
  m_GameObject: {fileID: 1722844943}
  m_LocalRotation: {x: 0, y: 0, z: 0, w: 1}
  m_LocalPosition: {x: 9.331913, y: 0.20047319, z: 0.8868443}
  m_LocalScale: {x: 1, y: 1, z: 1}
  m_Children: []
  m_Father: {fileID: 0}
  m_RootOrder: 7
  m_LocalEulerAnglesHint: {x: 0, y: 0, z: 0}
--- !u!1001 &1815965519
Prefab:
  m_ObjectHideFlags: 0
  serializedVersion: 2
  m_Modification:
    m_TransformParent: {fileID: 211601468}
    m_Modifications:
    - target: {fileID: 4269137998794500, guid: bd823cdc941354a069709b49b482b32f, type: 2}
      propertyPath: m_LocalPosition.x
      value: 0
      objectReference: {fileID: 0}
    - target: {fileID: 4269137998794500, guid: bd823cdc941354a069709b49b482b32f, type: 2}
      propertyPath: m_LocalPosition.y
      value: 0
      objectReference: {fileID: 0}
    - target: {fileID: 4269137998794500, guid: bd823cdc941354a069709b49b482b32f, type: 2}
      propertyPath: m_LocalPosition.z
      value: 0
      objectReference: {fileID: 0}
    - target: {fileID: 4269137998794500, guid: bd823cdc941354a069709b49b482b32f, type: 2}
      propertyPath: m_LocalRotation.x
      value: 0
      objectReference: {fileID: 0}
    - target: {fileID: 4269137998794500, guid: bd823cdc941354a069709b49b482b32f, type: 2}
      propertyPath: m_LocalRotation.y
      value: 0
      objectReference: {fileID: 0}
    - target: {fileID: 4269137998794500, guid: bd823cdc941354a069709b49b482b32f, type: 2}
      propertyPath: m_LocalRotation.z
      value: 0
      objectReference: {fileID: 0}
    - target: {fileID: 4269137998794500, guid: bd823cdc941354a069709b49b482b32f, type: 2}
      propertyPath: m_LocalRotation.w
      value: 1
      objectReference: {fileID: 0}
    - target: {fileID: 4269137998794500, guid: bd823cdc941354a069709b49b482b32f, type: 2}
      propertyPath: m_RootOrder
      value: 0
      objectReference: {fileID: 0}
    - target: {fileID: 212933145986722854, guid: bd823cdc941354a069709b49b482b32f,
        type: 2}
      propertyPath: m_Sprite
      value: 
      objectReference: {fileID: 21300000, guid: 5869a086ddec2a44496bd5b39086e45d,
        type: 3}
    - target: {fileID: 212933145986722854, guid: bd823cdc941354a069709b49b482b32f,
        type: 2}
      propertyPath: m_WasSpriteAssigned
      value: 1
      objectReference: {fileID: 0}
    - target: {fileID: 212984068512568466, guid: bd823cdc941354a069709b49b482b32f,
        type: 2}
      propertyPath: m_Sprite
      value: 
      objectReference: {fileID: 21300000, guid: 077968c37bd81bd48beee400c5267bc2,
        type: 3}
    m_RemovedComponents: []
  m_ParentPrefab: {fileID: 100100000, guid: bd823cdc941354a069709b49b482b32f, type: 2}
  m_IsPrefabParent: 0
--- !u!4 &2003432215 stripped
Transform:
  m_PrefabParentObject: {fileID: 4065349263463696, guid: fdbe29fe2d2f84644a0fe71358919c5d,
    type: 2}
  m_PrefabInternal: {fileID: 1600443130}
--- !u!1 &2033675387
GameObject:
  m_ObjectHideFlags: 0
  m_PrefabParentObject: {fileID: 0}
  m_PrefabInternal: {fileID: 0}
  serializedVersion: 5
  m_Component:
  - component: {fileID: 2033675388}
  - component: {fileID: 2033675391}
  - component: {fileID: 2033675390}
  - component: {fileID: 2033675389}
  m_Layer: 5
  m_Name: F0
  m_TagString: Untagged
  m_Icon: {fileID: 0}
  m_NavMeshLayer: 0
  m_StaticEditorFlags: 0
  m_IsActive: 1
--- !u!4 &2033675388
Transform:
  m_ObjectHideFlags: 0
  m_PrefabParentObject: {fileID: 0}
  m_PrefabInternal: {fileID: 0}
  m_GameObject: {fileID: 2033675387}
  m_LocalRotation: {x: -0, y: -0, z: -0, w: 1}
  m_LocalPosition: {x: -0.9981242, y: -8.39572, z: -1.9734752}
  m_LocalScale: {x: 0.2, y: 0.2, z: 1}
  m_Children: []
  m_Father: {fileID: 936167641}
  m_RootOrder: 0
  m_LocalEulerAnglesHint: {x: 0, y: 0, z: 0}
--- !u!114 &2033675389
MonoBehaviour:
  m_ObjectHideFlags: 0
  m_PrefabParentObject: {fileID: 0}
  m_PrefabInternal: {fileID: 0}
  m_GameObject: {fileID: 2033675387}
  m_Enabled: 1
  m_EditorHideFlags: 0
  m_Script: {fileID: 11500000, guid: eab4e1c16a6def54295f04eb2f2dfe2c, type: 3}
  m_Name: 
  m_EditorClassIdentifier: 
  maxSpeed: {x: 3, y: 3}
  folow: player 1
  myPos: {x: -4.1782117, y: -1.1842332, z: 9.42338}
  skins: []
  followed: {fileID: 0}
--- !u!61 &2033675390
BoxCollider2D:
  m_ObjectHideFlags: 0
  m_PrefabParentObject: {fileID: 0}
  m_PrefabInternal: {fileID: 0}
  m_GameObject: {fileID: 2033675387}
  m_Enabled: 1
  m_Density: 1
  m_Material: {fileID: 0}
  m_IsTrigger: 0
  m_UsedByEffector: 0
  m_UsedByComposite: 0
  m_Offset: {x: 0, y: 0}
  m_SpriteTilingProperty:
    border: {x: 0, y: 0, z: 0, w: 0}
    pivot: {x: 0.5, y: 0.5}
    oldSize: {x: 3.08, y: 3.92}
    newSize: {x: 1.28, y: 1.28}
    adaptiveTilingThreshold: 0.5
    drawMode: 0
    adaptiveTiling: 0
  m_AutoTiling: 0
  serializedVersion: 2
  m_Size: {x: 0.0001, y: 0.0001}
  m_EdgeRadius: 0
--- !u!212 &2033675391
SpriteRenderer:
  m_ObjectHideFlags: 0
  m_PrefabParentObject: {fileID: 0}
  m_PrefabInternal: {fileID: 0}
  m_GameObject: {fileID: 2033675387}
  m_Enabled: 1
  m_CastShadows: 0
  m_ReceiveShadows: 0
  m_DynamicOccludee: 1
  m_MotionVectors: 1
  m_LightProbeUsage: 1
  m_ReflectionProbeUsage: 1
  m_Materials:
  - {fileID: 10754, guid: 0000000000000000f000000000000000, type: 0}
  m_StaticBatchInfo:
    firstSubMesh: 0
    subMeshCount: 0
  m_StaticBatchRoot: {fileID: 0}
  m_ProbeAnchor: {fileID: 0}
  m_LightProbeVolumeOverride: {fileID: 0}
  m_ScaleInLightmap: 1
  m_PreserveUVs: 0
  m_IgnoreNormalsForChartDetection: 0
  m_ImportantGI: 0
  m_StitchLightmapSeams: 0
  m_SelectedEditorRenderState: 0
  m_MinimumChartSize: 4
  m_AutoUVMaxDistance: 0.5
  m_AutoUVMaxAngle: 89
  m_LightmapParameters: {fileID: 0}
  m_SortingLayerID: 847847437
  m_SortingLayer: 1
  m_SortingOrder: 0
  m_Sprite: {fileID: 21300000, guid: 20253f819b75f134392efc5147d62580, type: 3}
  m_Color: {r: 1, g: 1, b: 1, a: 1}
  m_FlipX: 0
  m_FlipY: 0
  m_DrawMode: 0
  m_Size: {x: 1.28, y: 1.28}
  m_AdaptiveModeThreshold: 0.5
  m_SpriteTileMode: 0
  m_WasSpriteAssigned: 1
  m_MaskInteraction: 0
