%YAML 1.1
%TAG !u! tag:unity3d.com,2011:
--- !u!1001 &100100000
Prefab:
  m_ObjectHideFlags: 1
  serializedVersion: 2
  m_Modification:
    m_TransformParent: {fileID: 0}
    m_Modifications: []
    m_RemovedComponents: []
  m_ParentPrefab: {fileID: 0}
  m_RootGameObject: {fileID: 1238651697196002}
  m_IsPrefabParent: 1
--- !u!1 &1129571607926772
GameObject:
  m_ObjectHideFlags: 1
  m_PrefabParentObject: {fileID: 0}
  m_PrefabInternal: {fileID: 100100000}
  serializedVersion: 5
  m_Component:
  - component: {fileID: 4328228372076942}
  - component: {fileID: 60918630782553518}
  m_Layer: 0
  m_Name: Collision
  m_TagString: Untagged
  m_Icon: {fileID: 0}
  m_NavMeshLayer: 0
  m_StaticEditorFlags: 0
  m_IsActive: 1
--- !u!1 &1166001878183498
GameObject:
  m_ObjectHideFlags: 1
  m_PrefabParentObject: {fileID: 0}
  m_PrefabInternal: {fileID: 100100000}
  serializedVersion: 5
  m_Component:
  - component: {fileID: 4188650282360922}
  - component: {fileID: 33766575894404944}
  - component: {fileID: 23105146758224000}
  - component: {fileID: 114980537335004308}
  m_Layer: 0
  m_Name: WallTexture32
  m_TagString: Untagged
  m_Icon: {fileID: 0}
  m_NavMeshLayer: 0
  m_StaticEditorFlags: 0
  m_IsActive: 1
--- !u!1 &1235440299114078
GameObject:
  m_ObjectHideFlags: 0
  m_PrefabParentObject: {fileID: 0}
  m_PrefabInternal: {fileID: 100100000}
  serializedVersion: 5
  m_Component:
  - component: {fileID: 4718938183495396}
  - component: {fileID: 114631277641225496}
  m_Layer: 0
  m_Name: floor
  m_TagString: Untagged
  m_Icon: {fileID: 0}
  m_NavMeshLayer: 0
  m_StaticEditorFlags: 0
  m_IsActive: 1
--- !u!1 &1238651697196002
GameObject:
  m_ObjectHideFlags: 0
  m_PrefabParentObject: {fileID: 0}
  m_PrefabInternal: {fileID: 100100000}
  serializedVersion: 5
  m_Component:
  - component: {fileID: 4255817219760806}
  - component: {fileID: 114285205387765084}
  m_Layer: 0
  m_Name: level401
  m_TagString: Untagged
  m_Icon: {fileID: 0}
  m_NavMeshLayer: 0
  m_StaticEditorFlags: 0
  m_IsActive: 1
--- !u!1 &1617239155317294
GameObject:
  m_ObjectHideFlags: 0
  m_PrefabParentObject: {fileID: 0}
  m_PrefabInternal: {fileID: 100100000}
  serializedVersion: 5
  m_Component:
  - component: {fileID: 4944059426371512}
  - component: {fileID: 114034279470511504}
  m_Layer: 0
  m_Name: wall
  m_TagString: Untagged
  m_Icon: {fileID: 0}
  m_NavMeshLayer: 0
  m_StaticEditorFlags: 0
  m_IsActive: 1
--- !u!1 &1621341904580746
GameObject:
  m_ObjectHideFlags: 1
  m_PrefabParentObject: {fileID: 0}
  m_PrefabInternal: {fileID: 100100000}
  serializedVersion: 5
  m_Component:
  - component: {fileID: 4193869288756702}
  - component: {fileID: 33691758982185446}
  - component: {fileID: 23210255412826028}
  - component: {fileID: 114119673011078638}
  m_Layer: 0
  m_Name: StoneFloorTexture32bis
  m_TagString: Untagged
  m_Icon: {fileID: 0}
  m_NavMeshLayer: 0
  m_StaticEditorFlags: 0
  m_IsActive: 1
--- !u!4 &4188650282360922
Transform:
  m_ObjectHideFlags: 1
  m_PrefabParentObject: {fileID: 0}
  m_PrefabInternal: {fileID: 100100000}
  m_GameObject: {fileID: 1166001878183498}
  m_LocalRotation: {x: -0, y: -0, z: -0, w: 1}
  m_LocalPosition: {x: 0, y: 0, z: 0}
  m_LocalScale: {x: 1, y: 1, z: 1}
  m_Children: []
  m_Father: {fileID: 4944059426371512}
  m_RootOrder: 0
  m_LocalEulerAnglesHint: {x: 0, y: 0, z: 0}
--- !u!4 &4193869288756702
Transform:
  m_ObjectHideFlags: 1
  m_PrefabParentObject: {fileID: 0}
  m_PrefabInternal: {fileID: 100100000}
  m_GameObject: {fileID: 1621341904580746}
  m_LocalRotation: {x: -0, y: -0, z: -0, w: 1}
  m_LocalPosition: {x: 0, y: 0, z: 0}
  m_LocalScale: {x: 1, y: 1, z: 1}
  m_Children: []
  m_Father: {fileID: 4718938183495396}
  m_RootOrder: 0
  m_LocalEulerAnglesHint: {x: 0, y: 0, z: 0}
--- !u!4 &4255817219760806
Transform:
  m_ObjectHideFlags: 1
  m_PrefabParentObject: {fileID: 0}
  m_PrefabInternal: {fileID: 100100000}
  m_GameObject: {fileID: 1238651697196002}
  m_LocalRotation: {x: 0, y: 0, z: 0, w: 1}
  m_LocalPosition: {x: 0, y: 0, z: 0}
  m_LocalScale: {x: 1, y: 1, z: 1}
  m_Children:
  - {fileID: 4718938183495396}
  - {fileID: 4944059426371512}
  m_Father: {fileID: 0}
  m_RootOrder: 0
  m_LocalEulerAnglesHint: {x: 0, y: 0, z: 0}
--- !u!4 &4328228372076942
Transform:
  m_ObjectHideFlags: 1
  m_PrefabParentObject: {fileID: 0}
  m_PrefabInternal: {fileID: 100100000}
  m_GameObject: {fileID: 1129571607926772}
  m_LocalRotation: {x: -0, y: -0, z: -0, w: 1}
  m_LocalPosition: {x: 0, y: 0, z: 0}
  m_LocalScale: {x: 1, y: 1, z: 1}
  m_Children: []
  m_Father: {fileID: 4944059426371512}
  m_RootOrder: 1
  m_LocalEulerAnglesHint: {x: 0, y: 0, z: 0}
--- !u!4 &4718938183495396
Transform:
  m_ObjectHideFlags: 1
  m_PrefabParentObject: {fileID: 0}
  m_PrefabInternal: {fileID: 100100000}
  m_GameObject: {fileID: 1235440299114078}
  m_LocalRotation: {x: -0, y: -0, z: -0, w: 1}
  m_LocalPosition: {x: 0, y: 0, z: 0}
  m_LocalScale: {x: 1, y: 1, z: 1}
  m_Children:
  - {fileID: 4193869288756702}
  m_Father: {fileID: 4255817219760806}
  m_RootOrder: 0
  m_LocalEulerAnglesHint: {x: 0, y: 0, z: 0}
--- !u!4 &4944059426371512
Transform:
  m_ObjectHideFlags: 1
  m_PrefabParentObject: {fileID: 0}
  m_PrefabInternal: {fileID: 100100000}
  m_GameObject: {fileID: 1617239155317294}
  m_LocalRotation: {x: -0, y: -0, z: -0, w: 1}
  m_LocalPosition: {x: 0, y: 0, z: 0}
  m_LocalScale: {x: 1, y: 1, z: 1}
  m_Children:
  - {fileID: 4188650282360922}
  - {fileID: 4328228372076942}
  m_Father: {fileID: 4255817219760806}
  m_RootOrder: 1
  m_LocalEulerAnglesHint: {x: 0, y: 0, z: 0}
--- !u!23 &23105146758224000
MeshRenderer:
  m_ObjectHideFlags: 1
  m_PrefabParentObject: {fileID: 0}
  m_PrefabInternal: {fileID: 100100000}
  m_GameObject: {fileID: 1166001878183498}
  m_Enabled: 1
  m_CastShadows: 0
  m_ReceiveShadows: 0
  m_DynamicOccludee: 1
  m_MotionVectors: 1
  m_LightProbeUsage: 0
  m_ReflectionProbeUsage: 0
  m_Materials:
  - {fileID: 2100000, guid: 6533ad0a4cb65e34682e9f1338a478fb, type: 2}
  m_StaticBatchInfo:
    firstSubMesh: 0
    subMeshCount: 0
  m_StaticBatchRoot: {fileID: 0}
  m_ProbeAnchor: {fileID: 0}
  m_LightProbeVolumeOverride: {fileID: 0}
  m_ScaleInLightmap: 1
  m_PreserveUVs: 0
  m_IgnoreNormalsForChartDetection: 0
  m_ImportantGI: 0
  m_StitchLightmapSeams: 0
  m_SelectedEditorRenderState: 3
  m_MinimumChartSize: 4
  m_AutoUVMaxDistance: 0.5
  m_AutoUVMaxAngle: 89
  m_LightmapParameters: {fileID: 0}
  m_SortingLayerID: 0
  m_SortingLayer: 0
  m_SortingOrder: 1
--- !u!23 &23210255412826028
MeshRenderer:
  m_ObjectHideFlags: 1
  m_PrefabParentObject: {fileID: 0}
  m_PrefabInternal: {fileID: 100100000}
  m_GameObject: {fileID: 1621341904580746}
  m_Enabled: 1
  m_CastShadows: 0
  m_ReceiveShadows: 0
  m_DynamicOccludee: 1
  m_MotionVectors: 1
  m_LightProbeUsage: 0
  m_ReflectionProbeUsage: 0
  m_Materials:
  - {fileID: 2100000, guid: f33017d4f5ea108468b4ed3ee93b790d, type: 2}
  m_StaticBatchInfo:
    firstSubMesh: 0
    subMeshCount: 0
  m_StaticBatchRoot: {fileID: 0}
  m_ProbeAnchor: {fileID: 0}
  m_LightProbeVolumeOverride: {fileID: 0}
  m_ScaleInLightmap: 1
  m_PreserveUVs: 0
  m_IgnoreNormalsForChartDetection: 0
  m_ImportantGI: 0
  m_StitchLightmapSeams: 0
  m_SelectedEditorRenderState: 3
  m_MinimumChartSize: 4
  m_AutoUVMaxDistance: 0.5
  m_AutoUVMaxAngle: 89
  m_LightmapParameters: {fileID: 0}
  m_SortingLayerID: 0
  m_SortingLayer: 0
  m_SortingOrder: 0
--- !u!33 &33691758982185446
MeshFilter:
  m_ObjectHideFlags: 1
  m_PrefabParentObject: {fileID: 0}
  m_PrefabInternal: {fileID: 100100000}
  m_GameObject: {fileID: 1621341904580746}
  m_Mesh: {fileID: 4300000, guid: dff833537c8e38344b90e477498bc80c, type: 3}
--- !u!33 &33766575894404944
MeshFilter:
  m_ObjectHideFlags: 1
  m_PrefabParentObject: {fileID: 0}
  m_PrefabInternal: {fileID: 100100000}
  m_GameObject: {fileID: 1166001878183498}
  m_Mesh: {fileID: 4300000, guid: 142ae8f0ff553db4baacff3777cee4d7, type: 3}
--- !u!60 &60918630782553518
PolygonCollider2D:
  m_ObjectHideFlags: 1
  m_PrefabParentObject: {fileID: 0}
  m_PrefabInternal: {fileID: 100100000}
  m_GameObject: {fileID: 1129571607926772}
  m_Enabled: 1
  m_Density: 1
  m_Material: {fileID: 0}
  m_IsTrigger: 0
  m_UsedByEffector: 0
  m_UsedByComposite: 0
  m_Offset: {x: 0, y: 0}
  m_SpriteTilingProperty:
    border: {x: 0, y: 0, z: 0, w: 0}
    pivot: {x: 0, y: 0}
    oldSize: {x: 0, y: 0}
    newSize: {x: 0, y: 0}
    adaptiveTilingThreshold: 0
    drawMode: 0
    adaptiveTiling: 0
  m_AutoTiling: 0
  m_Points:
    m_Paths:
    - - {x: 447, y: -288}
      - {x: 447, y: -192}
      - {x: 416, y: -192}
      - {x: 416, y: -288}
    - - {x: 319, y: -288}
      - {x: 319, y: -192}
      - {x: 288, y: -192}
      - {x: 288, y: -288}
    - - {x: 479, y: -448}
      - {x: 479, y: -256}
      - {x: 448, y: -256}
      - {x: 448, y: -448}
    - - {x: 287, y: -448}
      - {x: 287, y: -256}
      - {x: 256, y: -256}
      - {x: 256, y: -448}
    - - {x: 447, y: -416}
      - {x: 447, y: -352}
      - {x: 416, y: -352}
      - {x: 416, y: -416}
    - - {x: 415, y: -416}
      - {x: 415, y: -352}
      - {x: 384, y: -352}
      - {x: 384, y: -416}
    - - {x: 351, y: -416}
      - {x: 351, y: -352}
      - {x: 320, y: -352}
      - {x: 320, y: -416}
    - - {x: 319, y: -416}
      - {x: 319, y: -352}
      - {x: 288, y: -352}
      - {x: 288, y: -416}
    - - {x: 543, y: -576}
      - {x: 543, y: -416}
      - {x: 512, y: -416}
      - {x: 512, y: -576}
    - - {x: 511, y: -416}
      - {x: 480, y: -416}
      - {x: 480, y: -448}
      - {x: 511, y: -448}
    - - {x: 255, y: -416}
      - {x: 224, y: -416}
      - {x: 224, y: -448}
      - {x: 255, y: -448}
    - - {x: 223, y: -416}
      - {x: 192, y: -416}
      - {x: 192, y: -448}
      - {x: 223, y: -448}
    - - {x: 191, y: -576}
      - {x: 191, y: -416}
      - {x: 160, y: -416}
      - {x: 160, y: -576}
    - - {x: 511, y: -576}
      - {x: 511, y: -512}
      - {x: 480, y: -512}
      - {x: 480, y: -576}
    - - {x: 447, y: -576}
      - {x: 447, y: -512}
      - {x: 416, y: -512}
      - {x: 416, y: -576}
    - - {x: 415, y: -512}
      - {x: 384, y: -512}
      - {x: 384, y: -544}
      - {x: 415, y: -544}
    - - {x: 255, y: -576}
      - {x: 255, y: -512}
      - {x: 224, y: -512}
      - {x: 224, y: -576}
    - - {x: 639, y: -640}
      - {x: 639, y: -544}
      - {x: 608, y: -544}
      - {x: 608, y: -640}
    - - {x: 607, y: -544}
      - {x: 576, y: -544}
      - {x: 576, y: -576}
      - {x: 607, y: -576}
    - - {x: 575, y: -544}
      - {x: 544, y: -544}
      - {x: 544, y: -576}
      - {x: 575, y: -576}
    - - {x: 287, y: -544}
      - {x: 256, y: -544}
      - {x: 256, y: -576}
      - {x: 287, y: -576}
    - - {x: 159, y: -544}
      - {x: 128, y: -544}
      - {x: 128, y: -576}
      - {x: 159, y: -576}
    - - {x: 127, y: -640}
      - {x: 127, y: -544}
      - {x: 96, y: -544}
      - {x: 96, y: -640}
    - - {x: 607, y: -608}
      - {x: 576, y: -608}
      - {x: 576, y: -640}
      - {x: 607, y: -640}
    - - {x: 575, y: -608}
      - {x: 544, y: -608}
      - {x: 544, y: -640}
      - {x: 575, y: -640}
    - - {x: 543, y: -608}
      - {x: 512, y: -608}
      - {x: 512, y: -640}
      - {x: 543, y: -640}
    - - {x: 511, y: -608}
      - {x: 480, y: -608}
      - {x: 480, y: -640}
      - {x: 511, y: -640}
    - - {x: 479, y: -608}
      - {x: 448, y: -608}
      - {x: 448, y: -640}
      - {x: 479, y: -640}
    - - {x: 447, y: -672}
      - {x: 447, y: -608}
      - {x: 416, y: -608}
      - {x: 416, y: -672}
    - - {x: 287, y: -800}
      - {x: 287, y: -608}
      - {x: 256, y: -608}
      - {x: 256, y: -800}
    - - {x: 255, y: -608}
      - {x: 224, y: -608}
      - {x: 224, y: -640}
      - {x: 255, y: -640}
    - - {x: 223, y: -608}
      - {x: 192, y: -608}
      - {x: 192, y: -640}
      - {x: 223, y: -640}
    - - {x: 191, y: -608}
      - {x: 160, y: -608}
      - {x: 160, y: -640}
      - {x: 191, y: -640}
    - - {x: 159, y: -608}
      - {x: 128, y: -608}
      - {x: 128, y: -640}
      - {x: 159, y: -640}
    - - {x: 415, y: -800}
      - {x: 415, y: -640}
      - {x: 384, y: -640}
      - {x: 384, y: -800}
--- !u!114 &114034279470511504
MonoBehaviour:
  m_ObjectHideFlags: 1
  m_PrefabParentObject: {fileID: 0}
  m_PrefabInternal: {fileID: 100100000}
  m_GameObject: {fileID: 1617239155317294}
  m_Enabled: 1
  m_EditorHideFlags: 0
  m_Script: {fileID: 11500000, guid: 36f478cbe2fdbeb43a1a2ec45e99ca69, type: 3}
  m_Name: 
  m_EditorClassIdentifier: 
  Offset: {x: 0, y: 0}
--- !u!114 &114119673011078638
MonoBehaviour:
  m_ObjectHideFlags: 1
  m_PrefabParentObject: {fileID: 0}
  m_PrefabInternal: {fileID: 100100000}
  m_GameObject: {fileID: 1621341904580746}
  m_Enabled: 1
  m_EditorHideFlags: 0
  m_Script: {fileID: 11500000, guid: 1874989c5e2da094ea00112c6a895694, type: 3}
  m_Name: 
  m_EditorClassIdentifier: 
--- !u!114 &114285205387765084
MonoBehaviour:
  m_ObjectHideFlags: 1
  m_PrefabParentObject: {fileID: 0}
  m_PrefabInternal: {fileID: 100100000}
  m_GameObject: {fileID: 1238651697196002}
  m_Enabled: 1
  m_EditorHideFlags: 0
  m_Script: {fileID: 11500000, guid: c0619e460a775cc458d37cb4a214a189, type: 3}
  m_Name: 
  m_EditorClassIdentifier: 
  Orientation: 0
  StaggerAxis: 1
  StaggerIndex: 0
  HexSideLength: 0
  NumLayers: 2
  NumTilesWide: 25
  NumTilesHigh: 25
  TileWidth: 32
  TileHeight: 32
  ExportScale: 1
  MapWidthInPixels: 800
  MapHeightInPixels: 800
  BackgroundColor: {r: 0.5019608, g: 0.5019608, b: 0.5019608, a: 1}
--- !u!114 &114631277641225496
MonoBehaviour:
  m_ObjectHideFlags: 1
  m_PrefabParentObject: {fileID: 0}
  m_PrefabInternal: {fileID: 100100000}
  m_GameObject: {fileID: 1235440299114078}
  m_Enabled: 1
  m_EditorHideFlags: 0
  m_Script: {fileID: 11500000, guid: 36f478cbe2fdbeb43a1a2ec45e99ca69, type: 3}
  m_Name: 
  m_EditorClassIdentifier: 
  Offset: {x: 0, y: 0}
--- !u!114 &114980537335004308
MonoBehaviour:
  m_ObjectHideFlags: 1
  m_PrefabParentObject: {fileID: 0}
  m_PrefabInternal: {fileID: 100100000}
  m_GameObject: {fileID: 1166001878183498}
  m_Enabled: 1
  m_EditorHideFlags: 0
  m_Script: {fileID: 11500000, guid: 1874989c5e2da094ea00112c6a895694, type: 3}
  m_Name: 
  m_EditorClassIdentifier: 
