%YAML 1.1
%TAG !u! tag:unity3d.com,2011:
--- !u!29 &1
OcclusionCullingSettings:
  m_ObjectHideFlags: 0
  serializedVersion: 2
  m_OcclusionBakeSettings:
    smallestOccluder: 5
    smallestHole: 0.25
    backfaceThreshold: 100
  m_SceneGUID: 00000000000000000000000000000000
  m_OcclusionCullingData: {fileID: 0}
--- !u!104 &2
RenderSettings:
  m_ObjectHideFlags: 0
  serializedVersion: 8
  m_Fog: 0
  m_FogColor: {r: 0.5, g: 0.5, b: 0.5, a: 1}
  m_FogMode: 3
  m_FogDensity: 0.01
  m_LinearFogStart: 0
  m_LinearFogEnd: 300
  m_AmbientSkyColor: {r: 0.212, g: 0.227, b: 0.259, a: 1}
  m_AmbientEquatorColor: {r: 0.114, g: 0.125, b: 0.133, a: 1}
  m_AmbientGroundColor: {r: 0.047, g: 0.043, b: 0.035, a: 1}
  m_AmbientIntensity: 1
  m_AmbientMode: 3
  m_SubtractiveShadowColor: {r: 0.42, g: 0.478, b: 0.627, a: 1}
  m_SkyboxMaterial: {fileID: 0}
  m_HaloStrength: 0.5
  m_FlareStrength: 1
  m_FlareFadeSpeed: 3
  m_HaloTexture: {fileID: 0}
  m_SpotCookie: {fileID: 10001, guid: 0000000000000000e000000000000000, type: 0}
  m_DefaultReflectionMode: 0
  m_DefaultReflectionResolution: 128
  m_ReflectionBounces: 1
  m_ReflectionIntensity: 1
  m_CustomReflection: {fileID: 0}
  m_Sun: {fileID: 0}
  m_IndirectSpecularColor: {r: 0, g: 0, b: 0, a: 1}
--- !u!157 &3
LightmapSettings:
  m_ObjectHideFlags: 0
  serializedVersion: 11
  m_GIWorkflowMode: 1
  m_GISettings:
    serializedVersion: 2
    m_BounceScale: 1
    m_IndirectOutputScale: 1
    m_AlbedoBoost: 1
    m_TemporalCoherenceThreshold: 1
    m_EnvironmentLightingMode: 0
    m_EnableBakedLightmaps: 0
    m_EnableRealtimeLightmaps: 0
  m_LightmapEditorSettings:
    serializedVersion: 9
    m_Resolution: 2
    m_BakeResolution: 40
    m_TextureWidth: 1024
    m_TextureHeight: 1024
    m_AO: 0
    m_AOMaxDistance: 1
    m_CompAOExponent: 1
    m_CompAOExponentDirect: 0
    m_Padding: 2
    m_LightmapParameters: {fileID: 0}
    m_LightmapsBakeMode: 1
    m_TextureCompression: 1
    m_FinalGather: 0
    m_FinalGatherFiltering: 1
    m_FinalGatherRayCount: 256
    m_ReflectionCompression: 2
    m_MixedBakeMode: 2
    m_BakeBackend: 0
    m_PVRSampling: 1
    m_PVRDirectSampleCount: 32
    m_PVRSampleCount: 500
    m_PVRBounces: 2
    m_PVRFilterTypeDirect: 0
    m_PVRFilterTypeIndirect: 0
    m_PVRFilterTypeAO: 0
    m_PVRFilteringMode: 1
    m_PVRCulling: 1
    m_PVRFilteringGaussRadiusDirect: 1
    m_PVRFilteringGaussRadiusIndirect: 5
    m_PVRFilteringGaussRadiusAO: 2
    m_PVRFilteringAtrousPositionSigmaDirect: 0.5
    m_PVRFilteringAtrousPositionSigmaIndirect: 2
    m_PVRFilteringAtrousPositionSigmaAO: 1
    m_ShowResolutionOverlay: 1
  m_LightingDataAsset: {fileID: 0}
  m_UseShadowmask: 1
--- !u!196 &4
NavMeshSettings:
  serializedVersion: 2
  m_ObjectHideFlags: 0
  m_BuildSettings:
    serializedVersion: 2
    agentTypeID: 0
    agentRadius: 0.5
    agentHeight: 2
    agentSlope: 45
    agentClimb: 0.4
    ledgeDropHeight: 0
    maxJumpAcrossDistance: 0
    minRegionArea: 2
    manualCellSize: 0
    cellSize: 0.16666667
    manualTileSize: 0
    tileSize: 256
    accuratePlacement: 0
    debug:
      m_Flags: 0
  m_NavMeshData: {fileID: 0}
--- !u!1 &100693545
GameObject:
  m_ObjectHideFlags: 0
  m_PrefabParentObject: {fileID: 0}
  m_PrefabInternal: {fileID: 0}
  serializedVersion: 5
  m_Component:
  - component: {fileID: 100693546}
  m_Layer: 0
  m_Name: Water
  m_TagString: Untagged
  m_Icon: {fileID: 0}
  m_NavMeshLayer: 0
  m_StaticEditorFlags: 0
  m_IsActive: 1
--- !u!4 &100693546
Transform:
  m_ObjectHideFlags: 0
  m_PrefabParentObject: {fileID: 0}
  m_PrefabInternal: {fileID: 0}
  m_GameObject: {fileID: 100693545}
  m_LocalRotation: {x: 0, y: 0, z: 0, w: 1}
  m_LocalPosition: {x: 5.3015385, y: 6.393972, z: 1.8671417}
  m_LocalScale: {x: 1, y: 1, z: 1}
  m_Children:
  - {fileID: 1195967442}
  - {fileID: 2122452871}
  - {fileID: 1271393045}
  - {fileID: 168865415}
  - {fileID: 1434288640}
  - {fileID: 1759229291}
  - {fileID: 1929794070}
  - {fileID: 449359691}
  - {fileID: 1208918710}
  m_Father: {fileID: 0}
  m_RootOrder: 8
  m_LocalEulerAnglesHint: {x: 0, y: 0, z: 0}
--- !u!4 &168865415 stripped
Transform:
  m_PrefabParentObject: {fileID: 4065349263463696, guid: fdbe29fe2d2f84644a0fe71358919c5d,
    type: 2}
  m_PrefabInternal: {fileID: 1298859685}
--- !u!1001 &196167359
Prefab:
  m_ObjectHideFlags: 0
  serializedVersion: 2
  m_Modification:
    m_TransformParent: {fileID: 100693546}
    m_Modifications:
    - target: {fileID: 4065349263463696, guid: fdbe29fe2d2f84644a0fe71358919c5d, type: 2}
      propertyPath: m_LocalPosition.x
      value: -13.08
      objectReference: {fileID: 0}
    - target: {fileID: 4065349263463696, guid: fdbe29fe2d2f84644a0fe71358919c5d, type: 2}
      propertyPath: m_LocalPosition.y
      value: 5.46
      objectReference: {fileID: 0}
    - target: {fileID: 4065349263463696, guid: fdbe29fe2d2f84644a0fe71358919c5d, type: 2}
      propertyPath: m_LocalPosition.z
      value: -1.8671417
      objectReference: {fileID: 0}
    - target: {fileID: 4065349263463696, guid: fdbe29fe2d2f84644a0fe71358919c5d, type: 2}
      propertyPath: m_LocalRotation.x
      value: -0
      objectReference: {fileID: 0}
    - target: {fileID: 4065349263463696, guid: fdbe29fe2d2f84644a0fe71358919c5d, type: 2}
      propertyPath: m_LocalRotation.y
      value: -0
      objectReference: {fileID: 0}
    - target: {fileID: 4065349263463696, guid: fdbe29fe2d2f84644a0fe71358919c5d, type: 2}
      propertyPath: m_LocalRotation.z
      value: -0
      objectReference: {fileID: 0}
    - target: {fileID: 4065349263463696, guid: fdbe29fe2d2f84644a0fe71358919c5d, type: 2}
      propertyPath: m_LocalRotation.w
      value: 1
      objectReference: {fileID: 0}
    - target: {fileID: 4065349263463696, guid: fdbe29fe2d2f84644a0fe71358919c5d, type: 2}
      propertyPath: m_RootOrder
      value: 0
      objectReference: {fileID: 0}
    - target: {fileID: 1433676777038158, guid: fdbe29fe2d2f84644a0fe71358919c5d, type: 2}
      propertyPath: m_Name
      value: water_tile (4)
      objectReference: {fileID: 0}
    m_RemovedComponents: []
  m_ParentPrefab: {fileID: 100100000, guid: fdbe29fe2d2f84644a0fe71358919c5d, type: 2}
  m_IsPrefabParent: 0
--- !u!1001 &201177622
Prefab:
  m_ObjectHideFlags: 0
  serializedVersion: 2
  m_Modification:
    m_TransformParent: {fileID: 0}
    m_Modifications:
    - target: {fileID: 4089954585227856, guid: 3acaa4fd03811e44f8daf6b980bb3e4b, type: 2}
      propertyPath: m_LocalPosition.x
      value: -14.469999
      objectReference: {fileID: 0}
    - target: {fileID: 4089954585227856, guid: 3acaa4fd03811e44f8daf6b980bb3e4b, type: 2}
      propertyPath: m_LocalPosition.y
      value: 9.24
      objectReference: {fileID: 0}
    - target: {fileID: 4089954585227856, guid: 3acaa4fd03811e44f8daf6b980bb3e4b, type: 2}
      propertyPath: m_LocalPosition.z
      value: 0
      objectReference: {fileID: 0}
    - target: {fileID: 4089954585227856, guid: 3acaa4fd03811e44f8daf6b980bb3e4b, type: 2}
      propertyPath: m_LocalRotation.x
      value: 0
      objectReference: {fileID: 0}
    - target: {fileID: 4089954585227856, guid: 3acaa4fd03811e44f8daf6b980bb3e4b, type: 2}
      propertyPath: m_LocalRotation.y
      value: 0
      objectReference: {fileID: 0}
    - target: {fileID: 4089954585227856, guid: 3acaa4fd03811e44f8daf6b980bb3e4b, type: 2}
      propertyPath: m_LocalRotation.z
      value: 0
      objectReference: {fileID: 0}
    - target: {fileID: 4089954585227856, guid: 3acaa4fd03811e44f8daf6b980bb3e4b, type: 2}
      propertyPath: m_LocalRotation.w
      value: 1
      objectReference: {fileID: 0}
    - target: {fileID: 4089954585227856, guid: 3acaa4fd03811e44f8daf6b980bb3e4b, type: 2}
      propertyPath: m_RootOrder
      value: 3
      objectReference: {fileID: 0}
    m_RemovedComponents: []
  m_ParentPrefab: {fileID: 100100000, guid: 3acaa4fd03811e44f8daf6b980bb3e4b, type: 2}
  m_IsPrefabParent: 0
--- !u!1001 &202592221
Prefab:
  m_ObjectHideFlags: 0
  serializedVersion: 2
  m_Modification:
    m_TransformParent: {fileID: 0}
    m_Modifications:
    - target: {fileID: 4756355475633182, guid: 47a72ce84b7704242976aa15fea57734, type: 2}
      propertyPath: m_LocalPosition.x
      value: -13.9
      objectReference: {fileID: 0}
    - target: {fileID: 4756355475633182, guid: 47a72ce84b7704242976aa15fea57734, type: 2}
      propertyPath: m_LocalPosition.y
      value: 10.6
      objectReference: {fileID: 0}
    - target: {fileID: 4756355475633182, guid: 47a72ce84b7704242976aa15fea57734, type: 2}
      propertyPath: m_LocalPosition.z
      value: -2
      objectReference: {fileID: 0}
    - target: {fileID: 4756355475633182, guid: 47a72ce84b7704242976aa15fea57734, type: 2}
      propertyPath: m_LocalRotation.x
      value: 0.061430287
      objectReference: {fileID: 0}
    - target: {fileID: 4756355475633182, guid: 47a72ce84b7704242976aa15fea57734, type: 2}
      propertyPath: m_LocalRotation.y
      value: -0.06182573
      objectReference: {fileID: 0}
    - target: {fileID: 4756355475633182, guid: 47a72ce84b7704242976aa15fea57734, type: 2}
      propertyPath: m_LocalRotation.z
      value: 0.7066722
      objectReference: {fileID: 0}
    - target: {fileID: 4756355475633182, guid: 47a72ce84b7704242976aa15fea57734, type: 2}
      propertyPath: m_LocalRotation.w
      value: 0.70215267
      objectReference: {fileID: 0}
    - target: {fileID: 4756355475633182, guid: 47a72ce84b7704242976aa15fea57734, type: 2}
      propertyPath: m_RootOrder
      value: 4
      objectReference: {fileID: 0}
    - target: {fileID: 1731271724930478, guid: 47a72ce84b7704242976aa15fea57734, type: 2}
      propertyPath: m_Name
      value: Exit
      objectReference: {fileID: 0}
    - target: {fileID: 61692809535574728, guid: 47a72ce84b7704242976aa15fea57734,
        type: 2}
      propertyPath: m_IsTrigger
      value: 1
      objectReference: {fileID: 0}
    - target: {fileID: 4756355475633182, guid: 47a72ce84b7704242976aa15fea57734, type: 2}
      propertyPath: m_LocalScale.x
      value: 1
      objectReference: {fileID: 0}
    - target: {fileID: 4756355475633182, guid: 47a72ce84b7704242976aa15fea57734, type: 2}
      propertyPath: m_LocalScale.y
      value: 1
      objectReference: {fileID: 0}
    - target: {fileID: 4756355475633182, guid: 47a72ce84b7704242976aa15fea57734, type: 2}
      propertyPath: m_LocalEulerAnglesHint.x
      value: 10
      objectReference: {fileID: 0}
    - target: {fileID: 4756355475633182, guid: 47a72ce84b7704242976aa15fea57734, type: 2}
      propertyPath: m_LocalEulerAnglesHint.z
      value: 90.368004
      objectReference: {fileID: 0}
    - target: {fileID: 212919553047585098, guid: 47a72ce84b7704242976aa15fea57734,
        type: 2}
      propertyPath: m_Sprite
      value: 
      objectReference: {fileID: 21300000, guid: e80daa823456456408cbf8d2af9b89a3,
        type: 3}
    - target: {fileID: 212919553047585098, guid: 47a72ce84b7704242976aa15fea57734,
        type: 2}
      propertyPath: m_Size.x
      value: 1.76
      objectReference: {fileID: 0}
    - target: {fileID: 212919553047585098, guid: 47a72ce84b7704242976aa15fea57734,
        type: 2}
      propertyPath: m_Size.y
      value: 1.75
      objectReference: {fileID: 0}
    - target: {fileID: 212919553047585098, guid: 47a72ce84b7704242976aa15fea57734,
        type: 2}
      propertyPath: m_WasSpriteAssigned
      value: 1
      objectReference: {fileID: 0}
    - target: {fileID: 114689861012012310, guid: 47a72ce84b7704242976aa15fea57734,
        type: 2}
      propertyPath: scene
      value: level300
      objectReference: {fileID: 0}
    m_RemovedComponents: []
  m_ParentPrefab: {fileID: 100100000, guid: 47a72ce84b7704242976aa15fea57734, type: 2}
  m_IsPrefabParent: 0
--- !u!1001 &344438141
Prefab:
  m_ObjectHideFlags: 0
  serializedVersion: 2
  m_Modification:
    m_TransformParent: {fileID: 100693546}
    m_Modifications:
    - target: {fileID: 4065349263463696, guid: fdbe29fe2d2f84644a0fe71358919c5d, type: 2}
      propertyPath: m_LocalPosition.x
      value: -14.361538
      objectReference: {fileID: 0}
    - target: {fileID: 4065349263463696, guid: fdbe29fe2d2f84644a0fe71358919c5d, type: 2}
      propertyPath: m_LocalPosition.y
      value: 2.897
      objectReference: {fileID: 0}
    - target: {fileID: 4065349263463696, guid: fdbe29fe2d2f84644a0fe71358919c5d, type: 2}
      propertyPath: m_LocalPosition.z
      value: -1.8671417
      objectReference: {fileID: 0}
    - target: {fileID: 4065349263463696, guid: fdbe29fe2d2f84644a0fe71358919c5d, type: 2}
      propertyPath: m_LocalRotation.x
      value: -0
      objectReference: {fileID: 0}
    - target: {fileID: 4065349263463696, guid: fdbe29fe2d2f84644a0fe71358919c5d, type: 2}
      propertyPath: m_LocalRotation.y
      value: -0
      objectReference: {fileID: 0}
    - target: {fileID: 4065349263463696, guid: fdbe29fe2d2f84644a0fe71358919c5d, type: 2}
      propertyPath: m_LocalRotation.z
      value: -0
      objectReference: {fileID: 0}
    - target: {fileID: 4065349263463696, guid: fdbe29fe2d2f84644a0fe71358919c5d, type: 2}
      propertyPath: m_LocalRotation.w
      value: 1
      objectReference: {fileID: 0}
    - target: {fileID: 4065349263463696, guid: fdbe29fe2d2f84644a0fe71358919c5d, type: 2}
      propertyPath: m_RootOrder
      value: 7
      objectReference: {fileID: 0}
    - target: {fileID: 1433676777038158, guid: fdbe29fe2d2f84644a0fe71358919c5d, type: 2}
      propertyPath: m_Name
      value: water_tile (9)
      objectReference: {fileID: 0}
    - target: {fileID: 4065349263463696, guid: fdbe29fe2d2f84644a0fe71358919c5d, type: 2}
      propertyPath: m_LocalScale.x
      value: 1.99
      objectReference: {fileID: 0}
    - target: {fileID: 4065349263463696, guid: fdbe29fe2d2f84644a0fe71358919c5d, type: 2}
      propertyPath: m_LocalScale.y
      value: 2.0903819
      objectReference: {fileID: 0}
    - target: {fileID: 1433676777038158, guid: fdbe29fe2d2f84644a0fe71358919c5d, type: 2}
      propertyPath: m_Layer
      value: 4
      objectReference: {fileID: 0}
    m_RemovedComponents: []
  m_ParentPrefab: {fileID: 100100000, guid: fdbe29fe2d2f84644a0fe71358919c5d, type: 2}
  m_IsPrefabParent: 0
--- !u!1001 &409847421
Prefab:
  m_ObjectHideFlags: 0
  serializedVersion: 2
  m_Modification:
    m_TransformParent: {fileID: 892056917}
    m_Modifications:
    - target: {fileID: 4046901959337332, guid: f7564e367a6072245a626971e714c05f, type: 2}
      propertyPath: m_LocalPosition.x
      value: -7.9757075
      objectReference: {fileID: 0}
    - target: {fileID: 4046901959337332, guid: f7564e367a6072245a626971e714c05f, type: 2}
      propertyPath: m_LocalPosition.y
      value: 5.3882756
      objectReference: {fileID: 0}
    - target: {fileID: 4046901959337332, guid: f7564e367a6072245a626971e714c05f, type: 2}
      propertyPath: m_LocalPosition.z
      value: -2.1551769
      objectReference: {fileID: 0}
    - target: {fileID: 4046901959337332, guid: f7564e367a6072245a626971e714c05f, type: 2}
      propertyPath: m_LocalRotation.x
      value: -0
      objectReference: {fileID: 0}
    - target: {fileID: 4046901959337332, guid: f7564e367a6072245a626971e714c05f, type: 2}
      propertyPath: m_LocalRotation.y
      value: -0
      objectReference: {fileID: 0}
    - target: {fileID: 4046901959337332, guid: f7564e367a6072245a626971e714c05f, type: 2}
      propertyPath: m_LocalRotation.z
      value: -0
      objectReference: {fileID: 0}
    - target: {fileID: 4046901959337332, guid: f7564e367a6072245a626971e714c05f, type: 2}
      propertyPath: m_LocalRotation.w
      value: 1
      objectReference: {fileID: 0}
    - target: {fileID: 4046901959337332, guid: f7564e367a6072245a626971e714c05f, type: 2}
      propertyPath: m_RootOrder
      value: 1
      objectReference: {fileID: 0}
    - target: {fileID: 1158203548560396, guid: f7564e367a6072245a626971e714c05f, type: 2}
      propertyPath: m_Name
      value: crate 1 (3)
      objectReference: {fileID: 0}
    m_RemovedComponents: []
  m_ParentPrefab: {fileID: 100100000, guid: f7564e367a6072245a626971e714c05f, type: 2}
  m_IsPrefabParent: 0
--- !u!4 &449359691 stripped
Transform:
  m_PrefabParentObject: {fileID: 4065349263463696, guid: fdbe29fe2d2f84644a0fe71358919c5d,
    type: 2}
  m_PrefabInternal: {fileID: 344438141}
--- !u!1001 &470833182
Prefab:
  m_ObjectHideFlags: 0
  serializedVersion: 2
  m_Modification:
    m_TransformParent: {fileID: 100693546}
    m_Modifications:
    - target: {fileID: 4065349263463696, guid: fdbe29fe2d2f84644a0fe71358919c5d, type: 2}
      propertyPath: m_LocalPosition.x
      value: -14.34
      objectReference: {fileID: 0}
    - target: {fileID: 4065349263463696, guid: fdbe29fe2d2f84644a0fe71358919c5d, type: 2}
      propertyPath: m_LocalPosition.y
      value: 5.45
      objectReference: {fileID: 0}
    - target: {fileID: 4065349263463696, guid: fdbe29fe2d2f84644a0fe71358919c5d, type: 2}
      propertyPath: m_LocalPosition.z
      value: -1.8671417
      objectReference: {fileID: 0}
    - target: {fileID: 4065349263463696, guid: fdbe29fe2d2f84644a0fe71358919c5d, type: 2}
      propertyPath: m_LocalRotation.x
      value: -0
      objectReference: {fileID: 0}
    - target: {fileID: 4065349263463696, guid: fdbe29fe2d2f84644a0fe71358919c5d, type: 2}
      propertyPath: m_LocalRotation.y
      value: -0
      objectReference: {fileID: 0}
    - target: {fileID: 4065349263463696, guid: fdbe29fe2d2f84644a0fe71358919c5d, type: 2}
      propertyPath: m_LocalRotation.z
      value: -0
      objectReference: {fileID: 0}
    - target: {fileID: 4065349263463696, guid: fdbe29fe2d2f84644a0fe71358919c5d, type: 2}
      propertyPath: m_LocalRotation.w
      value: 1
      objectReference: {fileID: 0}
    - target: {fileID: 4065349263463696, guid: fdbe29fe2d2f84644a0fe71358919c5d, type: 2}
      propertyPath: m_RootOrder
      value: 1
      objectReference: {fileID: 0}
    - target: {fileID: 1433676777038158, guid: fdbe29fe2d2f84644a0fe71358919c5d, type: 2}
      propertyPath: m_Name
      value: water_tile (3)
      objectReference: {fileID: 0}
    - target: {fileID: 4065349263463696, guid: fdbe29fe2d2f84644a0fe71358919c5d, type: 2}
      propertyPath: m_LocalScale.x
      value: 1.99
      objectReference: {fileID: 0}
    - target: {fileID: 4065349263463696, guid: fdbe29fe2d2f84644a0fe71358919c5d, type: 2}
      propertyPath: m_LocalScale.y
      value: 1.99
      objectReference: {fileID: 0}
    - target: {fileID: 1433676777038158, guid: fdbe29fe2d2f84644a0fe71358919c5d, type: 2}
      propertyPath: m_Layer
      value: 4
      objectReference: {fileID: 0}
    - target: {fileID: 0}
      propertyPath: m_Sprite
      value: 
      objectReference: {fileID: 21300000, guid: 8b2bcea42916aa24c980c14925970862,
        type: 3}
    - target: {fileID: 0}
      propertyPath: m_Size.x
      value: 0.64
      objectReference: {fileID: 0}
    - target: {fileID: 0}
      propertyPath: m_Size.y
      value: 0.64
      objectReference: {fileID: 0}
    - target: {fileID: 0}
      propertyPath: m_WasSpriteAssigned
      value: 1
      objectReference: {fileID: 0}
    m_RemovedComponents: []
  m_ParentPrefab: {fileID: 100100000, guid: fdbe29fe2d2f84644a0fe71358919c5d, type: 2}
  m_IsPrefabParent: 0
--- !u!4 &503356452 stripped
Transform:
  m_PrefabParentObject: {fileID: 4046901959337332, guid: f7564e367a6072245a626971e714c05f,
    type: 2}
  m_PrefabInternal: {fileID: 409847421}
--- !u!1001 &511321922
Prefab:
  m_ObjectHideFlags: 0
  serializedVersion: 2
  m_Modification:
    m_TransformParent: {fileID: 0}
    m_Modifications:
    - target: {fileID: 4556278960984198, guid: bd630942b350b38468a7b6a20e227743, type: 2}
      propertyPath: m_LocalPosition.x
      value: -21.24
      objectReference: {fileID: 0}
    - target: {fileID: 4556278960984198, guid: bd630942b350b38468a7b6a20e227743, type: 2}
      propertyPath: m_LocalPosition.y
      value: 29.11
      objectReference: {fileID: 0}
    - target: {fileID: 4556278960984198, guid: bd630942b350b38468a7b6a20e227743, type: 2}
      propertyPath: m_LocalPosition.z
      value: 2
      objectReference: {fileID: 0}
    - target: {fileID: 4556278960984198, guid: bd630942b350b38468a7b6a20e227743, type: 2}
      propertyPath: m_LocalRotation.x
      value: 0
      objectReference: {fileID: 0}
    - target: {fileID: 4556278960984198, guid: bd630942b350b38468a7b6a20e227743, type: 2}
      propertyPath: m_LocalRotation.y
      value: 0
      objectReference: {fileID: 0}
    - target: {fileID: 4556278960984198, guid: bd630942b350b38468a7b6a20e227743, type: 2}
      propertyPath: m_LocalRotation.z
      value: 0
      objectReference: {fileID: 0}
    - target: {fileID: 4556278960984198, guid: bd630942b350b38468a7b6a20e227743, type: 2}
      propertyPath: m_LocalRotation.w
      value: 1
      objectReference: {fileID: 0}
    - target: {fileID: 4556278960984198, guid: bd630942b350b38468a7b6a20e227743, type: 2}
      propertyPath: m_RootOrder
      value: 2
      objectReference: {fileID: 0}
    - target: {fileID: 4556278960984198, guid: bd630942b350b38468a7b6a20e227743, type: 2}
      propertyPath: m_LocalScale.x
      value: 0.04
      objectReference: {fileID: 0}
    - target: {fileID: 4556278960984198, guid: bd630942b350b38468a7b6a20e227743, type: 2}
      propertyPath: m_LocalScale.y
      value: 0.04
      objectReference: {fileID: 0}
    - target: {fileID: 60367567946752006, guid: bd630942b350b38468a7b6a20e227743,
        type: 2}
      propertyPath: m_Points.m_Paths.Array.data[0].Array.data[1].x
      value: 510.99997
      objectReference: {fileID: 0}
    - target: {fileID: 60367567946752006, guid: bd630942b350b38468a7b6a20e227743,
        type: 2}
      propertyPath: m_Points.m_Paths.Array.data[0].Array.data[1].y
      value: -444.62405
      objectReference: {fileID: 0}
    - target: {fileID: 60367567946752006, guid: bd630942b350b38468a7b6a20e227743,
        type: 2}
      propertyPath: m_Points.m_Paths.Array.data[0].Array.data[2].x
      value: 479.736
      objectReference: {fileID: 0}
    - target: {fileID: 60367567946752006, guid: bd630942b350b38468a7b6a20e227743,
        type: 2}
      propertyPath: m_Points.m_Paths.Array.data[0].Array.data[2].y
      value: -444.88803
      objectReference: {fileID: 0}
    - target: {fileID: 60009540899607098, guid: bd630942b350b38468a7b6a20e227743,
        type: 2}
      propertyPath: m_Points.m_Paths.Array.data[0].Array.data[3].y
      value: -481.3429
      objectReference: {fileID: 0}
    - target: {fileID: 60009540899607098, guid: bd630942b350b38468a7b6a20e227743,
        type: 2}
      propertyPath: m_Points.m_Paths.Array.data[0].Array.data[3].x
      value: 544.8519
      objectReference: {fileID: 0}
    - target: {fileID: 60009540899607098, guid: bd630942b350b38468a7b6a20e227743,
        type: 2}
      propertyPath: m_Points.m_Paths.Array.data[0].Array.data[0].y
      value: -481.3429
      objectReference: {fileID: 0}
    - target: {fileID: 60009540899607098, guid: bd630942b350b38468a7b6a20e227743,
        type: 2}
      propertyPath: m_Points.m_Paths.Array.data[0].Array.data[0].x
      value: 574.787
      objectReference: {fileID: 0}
    - target: {fileID: 60797854833658336, guid: bd630942b350b38468a7b6a20e227743,
        type: 2}
      propertyPath: m_Points.m_Paths.Array.data[0].Array.data[1].y
      value: -444.66263
      objectReference: {fileID: 0}
    - target: {fileID: 60797854833658336, guid: bd630942b350b38468a7b6a20e227743,
        type: 2}
      propertyPath: m_Points.m_Paths.Array.data[0].Array.data[1].x
      value: 575.7792
      objectReference: {fileID: 0}
    - target: {fileID: 60797854833658336, guid: bd630942b350b38468a7b6a20e227743,
        type: 2}
      propertyPath: m_Points.m_Paths.Array.data[0].Array.data[2].y
      value: -444.66263
      objectReference: {fileID: 0}
    - target: {fileID: 60204023388428892, guid: bd630942b350b38468a7b6a20e227743,
        type: 2}
      propertyPath: m_Points.m_Paths.Array.data[0].Array.data[3].x
      value: 479.99997
      objectReference: {fileID: 0}
    - target: {fileID: 60204023388428892, guid: bd630942b350b38468a7b6a20e227743,
        type: 2}
      propertyPath: m_Points.m_Paths.Array.data[0].Array.data[3].y
      value: -482.12585
      objectReference: {fileID: 0}
    - target: {fileID: 60204023388428892, guid: bd630942b350b38468a7b6a20e227743,
        type: 2}
      propertyPath: m_Points.m_Paths.Array.data[0].Array.data[0].x
      value: 511.7814
      objectReference: {fileID: 0}
    - target: {fileID: 60204023388428892, guid: bd630942b350b38468a7b6a20e227743,
        type: 2}
      propertyPath: m_Points.m_Paths.Array.data[0].Array.data[0].y
      value: -482.9073
      objectReference: {fileID: 0}
    m_RemovedComponents: []
  m_ParentPrefab: {fileID: 100100000, guid: bd630942b350b38468a7b6a20e227743, type: 2}
  m_IsPrefabParent: 0
--- !u!1001 &529994304
Prefab:
  m_ObjectHideFlags: 0
  serializedVersion: 2
  m_Modification:
    m_TransformParent: {fileID: 892056917}
    m_Modifications:
    - target: {fileID: 4046901959337332, guid: f7564e367a6072245a626971e714c05f, type: 2}
      propertyPath: m_LocalPosition.x
      value: -2.7807565
      objectReference: {fileID: 0}
    - target: {fileID: 4046901959337332, guid: f7564e367a6072245a626971e714c05f, type: 2}
      propertyPath: m_LocalPosition.y
      value: 4.250919
      objectReference: {fileID: 0}
    - target: {fileID: 4046901959337332, guid: f7564e367a6072245a626971e714c05f, type: 2}
      propertyPath: m_LocalPosition.z
      value: -2.1551769
      objectReference: {fileID: 0}
    - target: {fileID: 4046901959337332, guid: f7564e367a6072245a626971e714c05f, type: 2}
      propertyPath: m_LocalRotation.x
      value: -0
      objectReference: {fileID: 0}
    - target: {fileID: 4046901959337332, guid: f7564e367a6072245a626971e714c05f, type: 2}
      propertyPath: m_LocalRotation.y
      value: -0
      objectReference: {fileID: 0}
    - target: {fileID: 4046901959337332, guid: f7564e367a6072245a626971e714c05f, type: 2}
      propertyPath: m_LocalRotation.z
      value: -0
      objectReference: {fileID: 0}
    - target: {fileID: 4046901959337332, guid: f7564e367a6072245a626971e714c05f, type: 2}
      propertyPath: m_LocalRotation.w
      value: 1
      objectReference: {fileID: 0}
    - target: {fileID: 4046901959337332, guid: f7564e367a6072245a626971e714c05f, type: 2}
      propertyPath: m_RootOrder
      value: 0
      objectReference: {fileID: 0}
    - target: {fileID: 1158203548560396, guid: f7564e367a6072245a626971e714c05f, type: 2}
      propertyPath: m_Name
      value: crate 1 (4)
      objectReference: {fileID: 0}
    m_RemovedComponents: []
  m_ParentPrefab: {fileID: 100100000, guid: f7564e367a6072245a626971e714c05f, type: 2}
  m_IsPrefabParent: 0
--- !u!1001 &803154764
Prefab:
  m_ObjectHideFlags: 0
  serializedVersion: 2
  m_Modification:
    m_TransformParent: {fileID: 100693546}
    m_Modifications:
    - target: {fileID: 4065349263463696, guid: fdbe29fe2d2f84644a0fe71358919c5d, type: 2}
      propertyPath: m_LocalPosition.x
      value: -15.647
      objectReference: {fileID: 0}
    - target: {fileID: 4065349263463696, guid: fdbe29fe2d2f84644a0fe71358919c5d, type: 2}
      propertyPath: m_LocalPosition.y
      value: 5.45
      objectReference: {fileID: 0}
    - target: {fileID: 4065349263463696, guid: fdbe29fe2d2f84644a0fe71358919c5d, type: 2}
      propertyPath: m_LocalPosition.z
      value: -1.8671417
      objectReference: {fileID: 0}
    - target: {fileID: 4065349263463696, guid: fdbe29fe2d2f84644a0fe71358919c5d, type: 2}
      propertyPath: m_LocalRotation.x
      value: -0
      objectReference: {fileID: 0}
    - target: {fileID: 4065349263463696, guid: fdbe29fe2d2f84644a0fe71358919c5d, type: 2}
      propertyPath: m_LocalRotation.y
      value: -0
      objectReference: {fileID: 0}
    - target: {fileID: 4065349263463696, guid: fdbe29fe2d2f84644a0fe71358919c5d, type: 2}
      propertyPath: m_LocalRotation.z
      value: -0
      objectReference: {fileID: 0}
    - target: {fileID: 4065349263463696, guid: fdbe29fe2d2f84644a0fe71358919c5d, type: 2}
      propertyPath: m_LocalRotation.w
      value: 1
      objectReference: {fileID: 0}
    - target: {fileID: 4065349263463696, guid: fdbe29fe2d2f84644a0fe71358919c5d, type: 2}
      propertyPath: m_RootOrder
      value: 2
      objectReference: {fileID: 0}
    - target: {fileID: 4065349263463696, guid: fdbe29fe2d2f84644a0fe71358919c5d, type: 2}
      propertyPath: m_LocalScale.x
      value: 2.1429353
      objectReference: {fileID: 0}
    - target: {fileID: 4065349263463696, guid: fdbe29fe2d2f84644a0fe71358919c5d, type: 2}
      propertyPath: m_LocalScale.y
      value: 1.99
      objectReference: {fileID: 0}
    - target: {fileID: 1433676777038158, guid: fdbe29fe2d2f84644a0fe71358919c5d, type: 2}
      propertyPath: m_Layer
      value: 4
      objectReference: {fileID: 0}
    m_RemovedComponents: []
  m_ParentPrefab: {fileID: 100100000, guid: fdbe29fe2d2f84644a0fe71358919c5d, type: 2}
  m_IsPrefabParent: 0
--- !u!1 &892056916
GameObject:
  m_ObjectHideFlags: 0
  m_PrefabParentObject: {fileID: 0}
  m_PrefabInternal: {fileID: 0}
  serializedVersion: 5
  m_Component:
  - component: {fileID: 892056917}
  m_Layer: 0
  m_Name: Crates
  m_TagString: Untagged
  m_Icon: {fileID: 0}
  m_NavMeshLayer: 0
  m_StaticEditorFlags: 0
  m_IsActive: 1
--- !u!4 &892056917
Transform:
  m_ObjectHideFlags: 0
  m_PrefabParentObject: {fileID: 0}
  m_PrefabInternal: {fileID: 0}
  m_GameObject: {fileID: 892056916}
  m_LocalRotation: {x: 0, y: 0, z: 0, w: 1}
  m_LocalPosition: {x: 5.3015385, y: 6.393972, z: 1.8671417}
  m_LocalScale: {x: 1, y: 1, z: 1}
  m_Children:
  - {fileID: 1217330134}
  - {fileID: 503356452}
  - {fileID: 1844989592}
  - {fileID: 1565799650}
  - {fileID: 993901735}
  m_Father: {fileID: 0}
  m_RootOrder: 9
  m_LocalEulerAnglesHint: {x: 0, y: 0, z: 0}
--- !u!4 &993901735 stripped
Transform:
  m_PrefabParentObject: {fileID: 4046901959337332, guid: f7564e367a6072245a626971e714c05f,
    type: 2}
  m_PrefabInternal: {fileID: 1210706570}
--- !u!1 &1119284542
GameObject:
  m_ObjectHideFlags: 0
  m_PrefabParentObject: {fileID: 0}
  m_PrefabInternal: {fileID: 0}
  serializedVersion: 5
  m_Component:
  - component: {fileID: 1119284543}
  - component: {fileID: 1119284546}
  - component: {fileID: 1119284545}
  - component: {fileID: 1119284544}
  m_Layer: 5
  m_Name: F3
  m_TagString: Untagged
  m_Icon: {fileID: 0}
  m_NavMeshLayer: 0
  m_StaticEditorFlags: 0
  m_IsActive: 1
--- !u!4 &1119284543
Transform:
  m_ObjectHideFlags: 0
  m_PrefabParentObject: {fileID: 0}
  m_PrefabInternal: {fileID: 0}
  m_GameObject: {fileID: 1119284542}
  m_LocalRotation: {x: -0, y: -0, z: -0, w: 1}
  m_LocalPosition: {x: -1.04358, y: -8.706395, z: -1.9734752}
  m_LocalScale: {x: 0.2, y: 0.2, z: 1}
  m_Children: []
  m_Father: {fileID: 1853388497}
  m_RootOrder: 3
  m_LocalEulerAnglesHint: {x: 0, y: 0, z: 0}
--- !u!114 &1119284544
MonoBehaviour:
  m_ObjectHideFlags: 0
  m_PrefabParentObject: {fileID: 0}
  m_PrefabInternal: {fileID: 0}
  m_GameObject: {fileID: 1119284542}
  m_Enabled: 1
  m_EditorHideFlags: 0
  m_Script: {fileID: 11500000, guid: eab4e1c16a6def54295f04eb2f2dfe2c, type: 3}
  m_Name: 
  m_EditorClassIdentifier: 
  maxSpeed: {x: 3, y: 3}
  follow: F2
  myPos: {x: -4.2236676, y: -1.4949083, z: 9.42338}
  followed: {fileID: 0}
--- !u!61 &1119284545
BoxCollider2D:
  m_ObjectHideFlags: 0
  m_PrefabParentObject: {fileID: 0}
  m_PrefabInternal: {fileID: 0}
  m_GameObject: {fileID: 1119284542}
  m_Enabled: 1
  m_Density: 1
  m_Material: {fileID: 0}
  m_IsTrigger: 0
  m_UsedByEffector: 0
  m_UsedByComposite: 0
  m_Offset: {x: 0, y: 0}
  m_SpriteTilingProperty:
    border: {x: 0, y: 0, z: 0, w: 0}
    pivot: {x: 0.5, y: 0.5}
    oldSize: {x: 3.22, y: 2.94}
    newSize: {x: 1.28, y: 1.28}
    adaptiveTilingThreshold: 0.5
    drawMode: 0
    adaptiveTiling: 0
  m_AutoTiling: 0
  serializedVersion: 2
  m_Size: {x: 0.0001, y: 0.0001}
  m_EdgeRadius: 0
--- !u!212 &1119284546
SpriteRenderer:
  m_ObjectHideFlags: 0
  m_PrefabParentObject: {fileID: 0}
  m_PrefabInternal: {fileID: 0}
  m_GameObject: {fileID: 1119284542}
  m_Enabled: 1
  m_CastShadows: 0
  m_ReceiveShadows: 0
  m_DynamicOccludee: 1
  m_MotionVectors: 1
  m_LightProbeUsage: 1
  m_ReflectionProbeUsage: 1
  m_Materials:
  - {fileID: 10754, guid: 0000000000000000f000000000000000, type: 0}
  m_StaticBatchInfo:
    firstSubMesh: 0
    subMeshCount: 0
  m_StaticBatchRoot: {fileID: 0}
  m_ProbeAnchor: {fileID: 0}
  m_LightProbeVolumeOverride: {fileID: 0}
  m_ScaleInLightmap: 1
  m_PreserveUVs: 0
  m_IgnoreNormalsForChartDetection: 0
  m_ImportantGI: 0
  m_StitchLightmapSeams: 0
  m_SelectedEditorRenderState: 0
  m_MinimumChartSize: 4
  m_AutoUVMaxDistance: 0.5
  m_AutoUVMaxAngle: 89
  m_LightmapParameters: {fileID: 0}
  m_SortingLayerID: 847847437
  m_SortingLayer: 1
  m_SortingOrder: 0
  m_Sprite: {fileID: 21300000, guid: ce1537c393cfa8d4abc1fd5dece9fa97, type: 3}
  m_Color: {r: 1, g: 1, b: 1, a: 1}
  m_FlipX: 0
  m_FlipY: 0
  m_DrawMode: 0
  m_Size: {x: 1.28, y: 1.28}
  m_AdaptiveModeThreshold: 0.5
  m_SpriteTileMode: 0
  m_WasSpriteAssigned: 1
  m_MaskInteraction: 0
--- !u!1001 &1169492203
Prefab:
  m_ObjectHideFlags: 0
  serializedVersion: 2
  m_Modification:
    m_TransformParent: {fileID: 0}
    m_Modifications:
    - target: {fileID: 4089954585227856, guid: 3acaa4fd03811e44f8daf6b980bb3e4b, type: 2}
      propertyPath: m_LocalPosition.x
      value: -14.502897
      objectReference: {fileID: 0}
    - target: {fileID: 4089954585227856, guid: 3acaa4fd03811e44f8daf6b980bb3e4b, type: 2}
      propertyPath: m_LocalPosition.y
      value: 12.030538
      objectReference: {fileID: 0}
    - target: {fileID: 4089954585227856, guid: 3acaa4fd03811e44f8daf6b980bb3e4b, type: 2}
      propertyPath: m_LocalPosition.z
      value: 0
      objectReference: {fileID: 0}
    - target: {fileID: 4089954585227856, guid: 3acaa4fd03811e44f8daf6b980bb3e4b, type: 2}
      propertyPath: m_LocalRotation.x
      value: 0
      objectReference: {fileID: 0}
    - target: {fileID: 4089954585227856, guid: 3acaa4fd03811e44f8daf6b980bb3e4b, type: 2}
      propertyPath: m_LocalRotation.y
      value: 0
      objectReference: {fileID: 0}
    - target: {fileID: 4089954585227856, guid: 3acaa4fd03811e44f8daf6b980bb3e4b, type: 2}
      propertyPath: m_LocalRotation.z
      value: 0
      objectReference: {fileID: 0}
    - target: {fileID: 4089954585227856, guid: 3acaa4fd03811e44f8daf6b980bb3e4b, type: 2}
      propertyPath: m_LocalRotation.w
      value: 1
      objectReference: {fileID: 0}
    - target: {fileID: 4089954585227856, guid: 3acaa4fd03811e44f8daf6b980bb3e4b, type: 2}
      propertyPath: m_RootOrder
      value: 1
      objectReference: {fileID: 0}
    - target: {fileID: 1218306565618116, guid: 3acaa4fd03811e44f8daf6b980bb3e4b, type: 2}
      propertyPath: m_Name
      value: torcheAnimation_1 (1)
      objectReference: {fileID: 0}
    m_RemovedComponents: []
  m_ParentPrefab: {fileID: 100100000, guid: 3acaa4fd03811e44f8daf6b980bb3e4b, type: 2}
  m_IsPrefabParent: 0
--- !u!4 &1195967442 stripped
Transform:
  m_PrefabParentObject: {fileID: 4065349263463696, guid: fdbe29fe2d2f84644a0fe71358919c5d,
    type: 2}
  m_PrefabInternal: {fileID: 196167359}
--- !u!4 &1208918710 stripped
Transform:
  m_PrefabParentObject: {fileID: 4065349263463696, guid: fdbe29fe2d2f84644a0fe71358919c5d,
    type: 2}
  m_PrefabInternal: {fileID: 1525426828}
--- !u!1001 &1210706570
Prefab:
  m_ObjectHideFlags: 0
  serializedVersion: 2
  m_Modification:
    m_TransformParent: {fileID: 892056917}
    m_Modifications:
    - target: {fileID: 4046901959337332, guid: f7564e367a6072245a626971e714c05f, type: 2}
      propertyPath: m_LocalPosition.x
      value: -5.381538
      objectReference: {fileID: 0}
    - target: {fileID: 4046901959337332, guid: f7564e367a6072245a626971e714c05f, type: 2}
      propertyPath: m_LocalPosition.y
      value: 2.9460282
      objectReference: {fileID: 0}
    - target: {fileID: 4046901959337332, guid: f7564e367a6072245a626971e714c05f, type: 2}
      propertyPath: m_LocalPosition.z
      value: -2.1551769
      objectReference: {fileID: 0}
    - target: {fileID: 4046901959337332, guid: f7564e367a6072245a626971e714c05f, type: 2}
      propertyPath: m_LocalRotation.x
      value: -0
      objectReference: {fileID: 0}
    - target: {fileID: 4046901959337332, guid: f7564e367a6072245a626971e714c05f, type: 2}
      propertyPath: m_LocalRotation.y
      value: -0
      objectReference: {fileID: 0}
    - target: {fileID: 4046901959337332, guid: f7564e367a6072245a626971e714c05f, type: 2}
      propertyPath: m_LocalRotation.z
      value: -0
      objectReference: {fileID: 0}
    - target: {fileID: 4046901959337332, guid: f7564e367a6072245a626971e714c05f, type: 2}
      propertyPath: m_LocalRotation.w
      value: 1
      objectReference: {fileID: 0}
    - target: {fileID: 4046901959337332, guid: f7564e367a6072245a626971e714c05f, type: 2}
      propertyPath: m_RootOrder
      value: 4
      objectReference: {fileID: 0}
    m_RemovedComponents: []
  m_ParentPrefab: {fileID: 100100000, guid: f7564e367a6072245a626971e714c05f, type: 2}
  m_IsPrefabParent: 0
--- !u!4 &1217330134 stripped
Transform:
  m_PrefabParentObject: {fileID: 4046901959337332, guid: f7564e367a6072245a626971e714c05f,
    type: 2}
  m_PrefabInternal: {fileID: 529994304}
--- !u!4 &1271393045 stripped
Transform:
  m_PrefabParentObject: {fileID: 4065349263463696, guid: fdbe29fe2d2f84644a0fe71358919c5d,
    type: 2}
  m_PrefabInternal: {fileID: 803154764}
--- !u!1001 &1298859685
Prefab:
  m_ObjectHideFlags: 0
  serializedVersion: 2
  m_Modification:
    m_TransformParent: {fileID: 100693546}
    m_Modifications:
    - target: {fileID: 4065349263463696, guid: fdbe29fe2d2f84644a0fe71358919c5d, type: 2}
      propertyPath: m_LocalPosition.x
      value: -13.09
      objectReference: {fileID: 0}
    - target: {fileID: 4065349263463696, guid: fdbe29fe2d2f84644a0fe71358919c5d, type: 2}
      propertyPath: m_LocalPosition.y
      value: 4.19
      objectReference: {fileID: 0}
    - target: {fileID: 4065349263463696, guid: fdbe29fe2d2f84644a0fe71358919c5d, type: 2}
      propertyPath: m_LocalPosition.z
      value: -1.8671417
      objectReference: {fileID: 0}
    - target: {fileID: 4065349263463696, guid: fdbe29fe2d2f84644a0fe71358919c5d, type: 2}
      propertyPath: m_LocalRotation.x
      value: -0
      objectReference: {fileID: 0}
    - target: {fileID: 4065349263463696, guid: fdbe29fe2d2f84644a0fe71358919c5d, type: 2}
      propertyPath: m_LocalRotation.y
      value: -0
      objectReference: {fileID: 0}
    - target: {fileID: 4065349263463696, guid: fdbe29fe2d2f84644a0fe71358919c5d, type: 2}
      propertyPath: m_LocalRotation.z
      value: -0
      objectReference: {fileID: 0}
    - target: {fileID: 4065349263463696, guid: fdbe29fe2d2f84644a0fe71358919c5d, type: 2}
      propertyPath: m_LocalRotation.w
      value: 1
      objectReference: {fileID: 0}
    - target: {fileID: 4065349263463696, guid: fdbe29fe2d2f84644a0fe71358919c5d, type: 2}
      propertyPath: m_RootOrder
      value: 3
      objectReference: {fileID: 0}
    - target: {fileID: 1433676777038158, guid: fdbe29fe2d2f84644a0fe71358919c5d, type: 2}
      propertyPath: m_Name
      value: water_tile (5)
      objectReference: {fileID: 0}
    - target: {fileID: 4065349263463696, guid: fdbe29fe2d2f84644a0fe71358919c5d, type: 2}
      propertyPath: m_LocalScale.x
      value: 1.99
      objectReference: {fileID: 0}
    - target: {fileID: 4065349263463696, guid: fdbe29fe2d2f84644a0fe71358919c5d, type: 2}
      propertyPath: m_LocalScale.y
      value: 1.99
      objectReference: {fileID: 0}
    - target: {fileID: 1433676777038158, guid: fdbe29fe2d2f84644a0fe71358919c5d, type: 2}
      propertyPath: m_Layer
      value: 4
      objectReference: {fileID: 0}
    m_RemovedComponents: []
  m_ParentPrefab: {fileID: 100100000, guid: fdbe29fe2d2f84644a0fe71358919c5d, type: 2}
  m_IsPrefabParent: 0
--- !u!4 &1434288640 stripped
Transform:
  m_PrefabParentObject: {fileID: 4065349263463696, guid: fdbe29fe2d2f84644a0fe71358919c5d,
    type: 2}
  m_PrefabInternal: {fileID: 1684957960}
--- !u!1001 &1449626425
Prefab:
  m_ObjectHideFlags: 0
  serializedVersion: 2
  m_Modification:
    m_TransformParent: {fileID: 892056917}
    m_Modifications:
    - target: {fileID: 4046901959337332, guid: f7564e367a6072245a626971e714c05f, type: 2}
      propertyPath: m_LocalPosition.x
      value: -5.362862
      objectReference: {fileID: 0}
    - target: {fileID: 4046901959337332, guid: f7564e367a6072245a626971e714c05f, type: 2}
      propertyPath: m_LocalPosition.y
      value: 5.449754
      objectReference: {fileID: 0}
    - target: {fileID: 4046901959337332, guid: f7564e367a6072245a626971e714c05f, type: 2}
      propertyPath: m_LocalPosition.z
      value: -2.1551769
      objectReference: {fileID: 0}
    - target: {fileID: 4046901959337332, guid: f7564e367a6072245a626971e714c05f, type: 2}
      propertyPath: m_LocalRotation.x
      value: -0
      objectReference: {fileID: 0}
    - target: {fileID: 4046901959337332, guid: f7564e367a6072245a626971e714c05f, type: 2}
      propertyPath: m_LocalRotation.y
      value: -0
      objectReference: {fileID: 0}
    - target: {fileID: 4046901959337332, guid: f7564e367a6072245a626971e714c05f, type: 2}
      propertyPath: m_LocalRotation.z
      value: -0
      objectReference: {fileID: 0}
    - target: {fileID: 4046901959337332, guid: f7564e367a6072245a626971e714c05f, type: 2}
      propertyPath: m_LocalRotation.w
      value: 1
      objectReference: {fileID: 0}
    - target: {fileID: 4046901959337332, guid: f7564e367a6072245a626971e714c05f, type: 2}
      propertyPath: m_RootOrder
      value: 3
      objectReference: {fileID: 0}
    - target: {fileID: 1158203548560396, guid: f7564e367a6072245a626971e714c05f, type: 2}
      propertyPath: m_Name
      value: crate 1 (1)
      objectReference: {fileID: 0}
    m_RemovedComponents: []
  m_ParentPrefab: {fileID: 100100000, guid: f7564e367a6072245a626971e714c05f, type: 2}
  m_IsPrefabParent: 0
--- !u!1001 &1474477044
Prefab:
  m_ObjectHideFlags: 0
  serializedVersion: 2
  m_Modification:
    m_TransformParent: {fileID: 892056917}
    m_Modifications:
    - target: {fileID: 4046901959337332, guid: f7564e367a6072245a626971e714c05f, type: 2}
      propertyPath: m_LocalPosition.x
      value: -7.931538
      objectReference: {fileID: 0}
    - target: {fileID: 4046901959337332, guid: f7564e367a6072245a626971e714c05f, type: 2}
      propertyPath: m_LocalPosition.y
      value: 2.9460282
      objectReference: {fileID: 0}
    - target: {fileID: 4046901959337332, guid: f7564e367a6072245a626971e714c05f, type: 2}
      propertyPath: m_LocalPosition.z
      value: -2.1551769
      objectReference: {fileID: 0}
    - target: {fileID: 4046901959337332, guid: f7564e367a6072245a626971e714c05f, type: 2}
      propertyPath: m_LocalRotation.x
      value: -0
      objectReference: {fileID: 0}
    - target: {fileID: 4046901959337332, guid: f7564e367a6072245a626971e714c05f, type: 2}
      propertyPath: m_LocalRotation.y
      value: -0
      objectReference: {fileID: 0}
    - target: {fileID: 4046901959337332, guid: f7564e367a6072245a626971e714c05f, type: 2}
      propertyPath: m_LocalRotation.z
      value: -0
      objectReference: {fileID: 0}
    - target: {fileID: 4046901959337332, guid: f7564e367a6072245a626971e714c05f, type: 2}
      propertyPath: m_LocalRotation.w
      value: 1
      objectReference: {fileID: 0}
    - target: {fileID: 4046901959337332, guid: f7564e367a6072245a626971e714c05f, type: 2}
      propertyPath: m_RootOrder
      value: 2
      objectReference: {fileID: 0}
    - target: {fileID: 1158203548560396, guid: f7564e367a6072245a626971e714c05f, type: 2}
      propertyPath: m_Name
      value: crate 1 (2)
      objectReference: {fileID: 0}
    m_RemovedComponents: []
  m_ParentPrefab: {fileID: 100100000, guid: f7564e367a6072245a626971e714c05f, type: 2}
  m_IsPrefabParent: 0
--- !u!1001 &1489457702
Prefab:
  m_ObjectHideFlags: 0
  serializedVersion: 2
  m_Modification:
    m_TransformParent: {fileID: 100693546}
    m_Modifications:
    - target: {fileID: 4065349263463696, guid: fdbe29fe2d2f84644a0fe71358919c5d, type: 2}
      propertyPath: m_LocalPosition.x
      value: -13.09
      objectReference: {fileID: 0}
    - target: {fileID: 4065349263463696, guid: fdbe29fe2d2f84644a0fe71358919c5d, type: 2}
      propertyPath: m_LocalPosition.y
      value: 2.907
      objectReference: {fileID: 0}
    - target: {fileID: 4065349263463696, guid: fdbe29fe2d2f84644a0fe71358919c5d, type: 2}
      propertyPath: m_LocalPosition.z
      value: -1.8671417
      objectReference: {fileID: 0}
    - target: {fileID: 4065349263463696, guid: fdbe29fe2d2f84644a0fe71358919c5d, type: 2}
      propertyPath: m_LocalRotation.x
      value: -0
      objectReference: {fileID: 0}
    - target: {fileID: 4065349263463696, guid: fdbe29fe2d2f84644a0fe71358919c5d, type: 2}
      propertyPath: m_LocalRotation.y
      value: -0
      objectReference: {fileID: 0}
    - target: {fileID: 4065349263463696, guid: fdbe29fe2d2f84644a0fe71358919c5d, type: 2}
      propertyPath: m_LocalRotation.z
      value: -0
      objectReference: {fileID: 0}
    - target: {fileID: 4065349263463696, guid: fdbe29fe2d2f84644a0fe71358919c5d, type: 2}
      propertyPath: m_LocalRotation.w
      value: 1
      objectReference: {fileID: 0}
    - target: {fileID: 4065349263463696, guid: fdbe29fe2d2f84644a0fe71358919c5d, type: 2}
      propertyPath: m_RootOrder
      value: 6
      objectReference: {fileID: 0}
    - target: {fileID: 1433676777038158, guid: fdbe29fe2d2f84644a0fe71358919c5d, type: 2}
      propertyPath: m_Name
      value: water_tile (8)
      objectReference: {fileID: 0}
    - target: {fileID: 4065349263463696, guid: fdbe29fe2d2f84644a0fe71358919c5d, type: 2}
      propertyPath: m_LocalScale.x
      value: 1.99
      objectReference: {fileID: 0}
    - target: {fileID: 4065349263463696, guid: fdbe29fe2d2f84644a0fe71358919c5d, type: 2}
      propertyPath: m_LocalScale.y
      value: 2.0903819
      objectReference: {fileID: 0}
    - target: {fileID: 1433676777038158, guid: fdbe29fe2d2f84644a0fe71358919c5d, type: 2}
      propertyPath: m_Layer
      value: 4
      objectReference: {fileID: 0}
    m_RemovedComponents: []
  m_ParentPrefab: {fileID: 100100000, guid: fdbe29fe2d2f84644a0fe71358919c5d, type: 2}
  m_IsPrefabParent: 0
--- !u!1001 &1525426828
Prefab:
  m_ObjectHideFlags: 0
  serializedVersion: 2
  m_Modification:
    m_TransformParent: {fileID: 100693546}
    m_Modifications:
    - target: {fileID: 4065349263463696, guid: fdbe29fe2d2f84644a0fe71358919c5d, type: 2}
      propertyPath: m_LocalPosition.x
      value: -15.665
      objectReference: {fileID: 0}
    - target: {fileID: 4065349263463696, guid: fdbe29fe2d2f84644a0fe71358919c5d, type: 2}
      propertyPath: m_LocalPosition.y
      value: 2.918
      objectReference: {fileID: 0}
    - target: {fileID: 4065349263463696, guid: fdbe29fe2d2f84644a0fe71358919c5d, type: 2}
      propertyPath: m_LocalPosition.z
      value: -1.8671417
      objectReference: {fileID: 0}
    - target: {fileID: 4065349263463696, guid: fdbe29fe2d2f84644a0fe71358919c5d, type: 2}
      propertyPath: m_LocalRotation.x
      value: -0
      objectReference: {fileID: 0}
    - target: {fileID: 4065349263463696, guid: fdbe29fe2d2f84644a0fe71358919c5d, type: 2}
      propertyPath: m_LocalRotation.y
      value: -0
      objectReference: {fileID: 0}
    - target: {fileID: 4065349263463696, guid: fdbe29fe2d2f84644a0fe71358919c5d, type: 2}
      propertyPath: m_LocalRotation.z
      value: -0
      objectReference: {fileID: 0}
    - target: {fileID: 4065349263463696, guid: fdbe29fe2d2f84644a0fe71358919c5d, type: 2}
      propertyPath: m_LocalRotation.w
      value: 1
      objectReference: {fileID: 0}
    - target: {fileID: 4065349263463696, guid: fdbe29fe2d2f84644a0fe71358919c5d, type: 2}
      propertyPath: m_RootOrder
      value: 8
      objectReference: {fileID: 0}
    - target: {fileID: 1433676777038158, guid: fdbe29fe2d2f84644a0fe71358919c5d, type: 2}
      propertyPath: m_Name
      value: water_tile (11)
      objectReference: {fileID: 0}
    - target: {fileID: 4065349263463696, guid: fdbe29fe2d2f84644a0fe71358919c5d, type: 2}
      propertyPath: m_LocalScale.x
      value: 2.168425
      objectReference: {fileID: 0}
    - target: {fileID: 4065349263463696, guid: fdbe29fe2d2f84644a0fe71358919c5d, type: 2}
      propertyPath: m_LocalScale.y
      value: 2.0903819
      objectReference: {fileID: 0}
    - target: {fileID: 1433676777038158, guid: fdbe29fe2d2f84644a0fe71358919c5d, type: 2}
      propertyPath: m_Layer
      value: 4
      objectReference: {fileID: 0}
    m_RemovedComponents: []
  m_ParentPrefab: {fileID: 100100000, guid: fdbe29fe2d2f84644a0fe71358919c5d, type: 2}
  m_IsPrefabParent: 0
--- !u!4 &1565799650 stripped
Transform:
  m_PrefabParentObject: {fileID: 4046901959337332, guid: f7564e367a6072245a626971e714c05f,
    type: 2}
  m_PrefabInternal: {fileID: 1449626425}
--- !u!1 &1582374455
GameObject:
  m_ObjectHideFlags: 0
  m_PrefabParentObject: {fileID: 0}
  m_PrefabInternal: {fileID: 0}
  serializedVersion: 5
  m_Component:
  - component: {fileID: 1582374456}
  - component: {fileID: 1582374459}
  - component: {fileID: 1582374458}
  - component: {fileID: 1582374457}
  m_Layer: 5
  m_Name: F2
  m_TagString: Untagged
  m_Icon: {fileID: 0}
  m_NavMeshLayer: 0
  m_StaticEditorFlags: 0
  m_IsActive: 1
--- !u!4 &1582374456
Transform:
  m_ObjectHideFlags: 0
  m_PrefabParentObject: {fileID: 0}
  m_PrefabInternal: {fileID: 0}
  m_GameObject: {fileID: 1582374455}
  m_LocalRotation: {x: -0, y: -0, z: -0, w: 1}
  m_LocalPosition: {x: -0.9981242, y: -8.39572, z: -1.9734752}
  m_LocalScale: {x: 0.2, y: 0.2, z: 1}
  m_Children: []
  m_Father: {fileID: 1853388497}
  m_RootOrder: 0
  m_LocalEulerAnglesHint: {x: 0, y: 0, z: 0}
--- !u!114 &1582374457
MonoBehaviour:
  m_ObjectHideFlags: 0
  m_PrefabParentObject: {fileID: 0}
  m_PrefabInternal: {fileID: 0}
  m_GameObject: {fileID: 1582374455}
  m_Enabled: 1
  m_EditorHideFlags: 0
  m_Script: {fileID: 11500000, guid: eab4e1c16a6def54295f04eb2f2dfe2c, type: 3}
  m_Name: 
  m_EditorClassIdentifier: 
  maxSpeed: {x: 3, y: 3}
  follow: F1
  myPos: {x: -4.1782117, y: -1.1842332, z: 9.42338}
  followed: {fileID: 0}
--- !u!61 &1582374458
BoxCollider2D:
  m_ObjectHideFlags: 0
  m_PrefabParentObject: {fileID: 0}
  m_PrefabInternal: {fileID: 0}
  m_GameObject: {fileID: 1582374455}
  m_Enabled: 1
  m_Density: 1
  m_Material: {fileID: 0}
  m_IsTrigger: 0
  m_UsedByEffector: 0
  m_UsedByComposite: 0
  m_Offset: {x: 0, y: 0}
  m_SpriteTilingProperty:
    border: {x: 0, y: 0, z: 0, w: 0}
    pivot: {x: 0.5, y: 0.5}
    oldSize: {x: 3.08, y: 3.92}
    newSize: {x: 1.28, y: 1.28}
    adaptiveTilingThreshold: 0.5
    drawMode: 0
    adaptiveTiling: 0
  m_AutoTiling: 0
  serializedVersion: 2
  m_Size: {x: 0.0001, y: 0.0001}
  m_EdgeRadius: 0
--- !u!212 &1582374459
SpriteRenderer:
  m_ObjectHideFlags: 0
  m_PrefabParentObject: {fileID: 0}
  m_PrefabInternal: {fileID: 0}
  m_GameObject: {fileID: 1582374455}
  m_Enabled: 1
  m_CastShadows: 0
  m_ReceiveShadows: 0
  m_DynamicOccludee: 1
  m_MotionVectors: 1
  m_LightProbeUsage: 1
  m_ReflectionProbeUsage: 1
  m_Materials:
  - {fileID: 10754, guid: 0000000000000000f000000000000000, type: 0}
  m_StaticBatchInfo:
    firstSubMesh: 0
    subMeshCount: 0
  m_StaticBatchRoot: {fileID: 0}
  m_ProbeAnchor: {fileID: 0}
  m_LightProbeVolumeOverride: {fileID: 0}
  m_ScaleInLightmap: 1
  m_PreserveUVs: 0
  m_IgnoreNormalsForChartDetection: 0
  m_ImportantGI: 0
  m_StitchLightmapSeams: 0
  m_SelectedEditorRenderState: 0
  m_MinimumChartSize: 4
  m_AutoUVMaxDistance: 0.5
  m_AutoUVMaxAngle: 89
  m_LightmapParameters: {fileID: 0}
  m_SortingLayerID: 847847437
  m_SortingLayer: 1
  m_SortingOrder: 0
  m_Sprite: {fileID: 21300000, guid: 20253f819b75f134392efc5147d62580, type: 3}
  m_Color: {r: 1, g: 1, b: 1, a: 1}
  m_FlipX: 0
  m_FlipY: 0
  m_DrawMode: 0
  m_Size: {x: 1.28, y: 1.28}
  m_AdaptiveModeThreshold: 0.5
  m_SpriteTileMode: 0
  m_WasSpriteAssigned: 1
  m_MaskInteraction: 0
--- !u!1 &1591841151
GameObject:
  m_ObjectHideFlags: 0
  m_PrefabParentObject: {fileID: 0}
  m_PrefabInternal: {fileID: 0}
  serializedVersion: 5
  m_Component:
  - component: {fileID: 1591841152}
  - component: {fileID: 1591841155}
  - component: {fileID: 1591841154}
  - component: {fileID: 1591841153}
  m_Layer: 5
  m_Name: F5
  m_TagString: Untagged
  m_Icon: {fileID: 0}
  m_NavMeshLayer: 0
  m_StaticEditorFlags: 0
  m_IsActive: 1
--- !u!4 &1591841152
Transform:
  m_ObjectHideFlags: 0
  m_PrefabParentObject: {fileID: 0}
  m_PrefabInternal: {fileID: 0}
  m_GameObject: {fileID: 1591841151}
  m_LocalRotation: {x: -0, y: -0, z: -0, w: 1}
  m_LocalPosition: {x: -0.8110756, y: -9.223649, z: -1.9734752}
  m_LocalScale: {x: 0.2, y: 0.2, z: 1}
  m_Children: []
  m_Father: {fileID: 1853388497}
  m_RootOrder: 2
  m_LocalEulerAnglesHint: {x: 0, y: 0, z: 0}
--- !u!114 &1591841153
MonoBehaviour:
  m_ObjectHideFlags: 0
  m_PrefabParentObject: {fileID: 0}
  m_PrefabInternal: {fileID: 0}
  m_GameObject: {fileID: 1591841151}
  m_Enabled: 1
  m_EditorHideFlags: 0
  m_Script: {fileID: 11500000, guid: eab4e1c16a6def54295f04eb2f2dfe2c, type: 3}
  m_Name: 
  m_EditorClassIdentifier: 
  maxSpeed: {x: 3, y: 3}
  follow: F4
  myPos: {x: -3.9911633, y: -2.0121622, z: 9.42338}
  followed: {fileID: 0}
--- !u!61 &1591841154
BoxCollider2D:
  m_ObjectHideFlags: 0
  m_PrefabParentObject: {fileID: 0}
  m_PrefabInternal: {fileID: 0}
  m_GameObject: {fileID: 1591841151}
  m_Enabled: 1
  m_Density: 1
  m_Material: {fileID: 0}
  m_IsTrigger: 0
  m_UsedByEffector: 0
  m_UsedByComposite: 0
  m_Offset: {x: 0, y: 0}
  m_SpriteTilingProperty:
    border: {x: 0, y: 0, z: 0, w: 0}
    pivot: {x: 0.5, y: 0.5}
    oldSize: {x: 3, y: 3.6}
    newSize: {x: 1.28, y: 1.28}
    adaptiveTilingThreshold: 0.5
    drawMode: 0
    adaptiveTiling: 0
  m_AutoTiling: 0
  serializedVersion: 2
  m_Size: {x: 0.0001, y: 0.0001}
  m_EdgeRadius: 0
--- !u!212 &1591841155
SpriteRenderer:
  m_ObjectHideFlags: 0
  m_PrefabParentObject: {fileID: 0}
  m_PrefabInternal: {fileID: 0}
  m_GameObject: {fileID: 1591841151}
  m_Enabled: 1
  m_CastShadows: 0
  m_ReceiveShadows: 0
  m_DynamicOccludee: 1
  m_MotionVectors: 1
  m_LightProbeUsage: 1
  m_ReflectionProbeUsage: 1
  m_Materials:
  - {fileID: 10754, guid: 0000000000000000f000000000000000, type: 0}
  m_StaticBatchInfo:
    firstSubMesh: 0
    subMeshCount: 0
  m_StaticBatchRoot: {fileID: 0}
  m_ProbeAnchor: {fileID: 0}
  m_LightProbeVolumeOverride: {fileID: 0}
  m_ScaleInLightmap: 1
  m_PreserveUVs: 0
  m_IgnoreNormalsForChartDetection: 0
  m_ImportantGI: 0
  m_StitchLightmapSeams: 0
  m_SelectedEditorRenderState: 0
  m_MinimumChartSize: 4
  m_AutoUVMaxDistance: 0.5
  m_AutoUVMaxAngle: 89
  m_LightmapParameters: {fileID: 0}
  m_SortingLayerID: 847847437
  m_SortingLayer: 1
  m_SortingOrder: 0
  m_Sprite: {fileID: 21300000, guid: 18843cc940dbb854f9b3331ee9a845dc, type: 3}
  m_Color: {r: 1, g: 1, b: 1, a: 1}
  m_FlipX: 0
  m_FlipY: 0
  m_DrawMode: 0
  m_Size: {x: 1.28, y: 1.28}
  m_AdaptiveModeThreshold: 0.5
  m_SpriteTileMode: 0
  m_WasSpriteAssigned: 1
  m_MaskInteraction: 0
--- !u!1001 &1601016355
Prefab:
  m_ObjectHideFlags: 0
  serializedVersion: 2
  m_Modification:
    m_TransformParent: {fileID: 100693546}
    m_Modifications:
    - target: {fileID: 4065349263463696, guid: fdbe29fe2d2f84644a0fe71358919c5d, type: 2}
      propertyPath: m_LocalPosition.x
      value: -15.644
      objectReference: {fileID: 0}
    - target: {fileID: 4065349263463696, guid: fdbe29fe2d2f84644a0fe71358919c5d, type: 2}
      propertyPath: m_LocalPosition.y
      value: 4.21
      objectReference: {fileID: 0}
    - target: {fileID: 4065349263463696, guid: fdbe29fe2d2f84644a0fe71358919c5d, type: 2}
      propertyPath: m_LocalPosition.z
      value: -1.8671417
      objectReference: {fileID: 0}
    - target: {fileID: 4065349263463696, guid: fdbe29fe2d2f84644a0fe71358919c5d, type: 2}
      propertyPath: m_LocalRotation.x
      value: -0
      objectReference: {fileID: 0}
    - target: {fileID: 4065349263463696, guid: fdbe29fe2d2f84644a0fe71358919c5d, type: 2}
      propertyPath: m_LocalRotation.y
      value: -0
      objectReference: {fileID: 0}
    - target: {fileID: 4065349263463696, guid: fdbe29fe2d2f84644a0fe71358919c5d, type: 2}
      propertyPath: m_LocalRotation.z
      value: -0
      objectReference: {fileID: 0}
    - target: {fileID: 4065349263463696, guid: fdbe29fe2d2f84644a0fe71358919c5d, type: 2}
      propertyPath: m_LocalRotation.w
      value: 1
      objectReference: {fileID: 0}
    - target: {fileID: 4065349263463696, guid: fdbe29fe2d2f84644a0fe71358919c5d, type: 2}
      propertyPath: m_RootOrder
      value: 5
      objectReference: {fileID: 0}
    - target: {fileID: 1433676777038158, guid: fdbe29fe2d2f84644a0fe71358919c5d, type: 2}
      propertyPath: m_Name
      value: water_tile (1)
      objectReference: {fileID: 0}
    - target: {fileID: 4065349263463696, guid: fdbe29fe2d2f84644a0fe71358919c5d, type: 2}
      propertyPath: m_LocalScale.x
      value: 2.0664682
      objectReference: {fileID: 0}
    - target: {fileID: 4065349263463696, guid: fdbe29fe2d2f84644a0fe71358919c5d, type: 2}
      propertyPath: m_LocalScale.y
      value: 1.99
      objectReference: {fileID: 0}
    - target: {fileID: 1433676777038158, guid: fdbe29fe2d2f84644a0fe71358919c5d, type: 2}
      propertyPath: m_Layer
      value: 4
      objectReference: {fileID: 0}
    m_RemovedComponents: []
  m_ParentPrefab: {fileID: 100100000, guid: fdbe29fe2d2f84644a0fe71358919c5d, type: 2}
  m_IsPrefabParent: 0
--- !u!1001 &1684957960
Prefab:
  m_ObjectHideFlags: 0
  serializedVersion: 2
  m_Modification:
    m_TransformParent: {fileID: 100693546}
    m_Modifications:
    - target: {fileID: 4065349263463696, guid: fdbe29fe2d2f84644a0fe71358919c5d, type: 2}
      propertyPath: m_LocalPosition.x
      value: -14.356
      objectReference: {fileID: 0}
    - target: {fileID: 4065349263463696, guid: fdbe29fe2d2f84644a0fe71358919c5d, type: 2}
      propertyPath: m_LocalPosition.y
      value: 4.19
      objectReference: {fileID: 0}
    - target: {fileID: 4065349263463696, guid: fdbe29fe2d2f84644a0fe71358919c5d, type: 2}
      propertyPath: m_LocalPosition.z
      value: -1.8671417
      objectReference: {fileID: 0}
    - target: {fileID: 4065349263463696, guid: fdbe29fe2d2f84644a0fe71358919c5d, type: 2}
      propertyPath: m_LocalRotation.x
      value: -0
      objectReference: {fileID: 0}
    - target: {fileID: 4065349263463696, guid: fdbe29fe2d2f84644a0fe71358919c5d, type: 2}
      propertyPath: m_LocalRotation.y
      value: -0
      objectReference: {fileID: 0}
    - target: {fileID: 4065349263463696, guid: fdbe29fe2d2f84644a0fe71358919c5d, type: 2}
      propertyPath: m_LocalRotation.z
      value: -0
      objectReference: {fileID: 0}
    - target: {fileID: 4065349263463696, guid: fdbe29fe2d2f84644a0fe71358919c5d, type: 2}
      propertyPath: m_LocalRotation.w
      value: 1
      objectReference: {fileID: 0}
    - target: {fileID: 4065349263463696, guid: fdbe29fe2d2f84644a0fe71358919c5d, type: 2}
      propertyPath: m_RootOrder
      value: 4
      objectReference: {fileID: 0}
    - target: {fileID: 1433676777038158, guid: fdbe29fe2d2f84644a0fe71358919c5d, type: 2}
      propertyPath: m_Name
      value: water_tile (6)
      objectReference: {fileID: 0}
    - target: {fileID: 4065349263463696, guid: fdbe29fe2d2f84644a0fe71358919c5d, type: 2}
      propertyPath: m_LocalScale.x
      value: 2.0409784
      objectReference: {fileID: 0}
    - target: {fileID: 4065349263463696, guid: fdbe29fe2d2f84644a0fe71358919c5d, type: 2}
      propertyPath: m_LocalScale.y
      value: 1.99
      objectReference: {fileID: 0}
    - target: {fileID: 1433676777038158, guid: fdbe29fe2d2f84644a0fe71358919c5d, type: 2}
      propertyPath: m_Layer
      value: 4
      objectReference: {fileID: 0}
    m_RemovedComponents: []
  m_ParentPrefab: {fileID: 100100000, guid: fdbe29fe2d2f84644a0fe71358919c5d, type: 2}
  m_IsPrefabParent: 0
--- !u!4 &1759229291 stripped
Transform:
  m_PrefabParentObject: {fileID: 4065349263463696, guid: fdbe29fe2d2f84644a0fe71358919c5d,
    type: 2}
  m_PrefabInternal: {fileID: 1601016355}
--- !u!4 &1844989592 stripped
Transform:
  m_PrefabParentObject: {fileID: 4046901959337332, guid: f7564e367a6072245a626971e714c05f,
    type: 2}
  m_PrefabInternal: {fileID: 1474477044}
--- !u!1 &1853388496
GameObject:
  m_ObjectHideFlags: 0
  m_PrefabParentObject: {fileID: 0}
  m_PrefabInternal: {fileID: 0}
  serializedVersion: 5
  m_Component:
  - component: {fileID: 1853388497}
  m_Layer: 0
  m_Name: Followers
  m_TagString: Untagged
  m_Icon: {fileID: 0}
  m_NavMeshLayer: 0
  m_StaticEditorFlags: 0
  m_IsActive: 1
--- !u!4 &1853388497
Transform:
  m_ObjectHideFlags: 0
  m_PrefabParentObject: {fileID: 0}
  m_PrefabInternal: {fileID: 0}
  m_GameObject: {fileID: 1853388496}
  m_LocalRotation: {x: 0, y: 0, z: 0, w: 1}
  m_LocalPosition: {x: 0.5281242, y: 7.0857196, z: 1.9734752}
  m_LocalScale: {x: 1, y: 1, z: 1}
  m_Children:
  - {fileID: 1582374456}
  - {fileID: 1929552518}
  - {fileID: 1591841152}
  - {fileID: 1119284543}
  - {fileID: 2015018143}
  m_Father: {fileID: 0}
  m_RootOrder: 10
  m_LocalEulerAnglesHint: {x: 0, y: 0, z: 0}
--- !u!1 &1880521126
GameObject:
  m_ObjectHideFlags: 0
  m_PrefabParentObject: {fileID: 1162474190238778, guid: 00ed8c25e30ae5041843c8c084cae531,
    type: 2}
  m_PrefabInternal: {fileID: 0}
  serializedVersion: 5
  m_Component:
  - component: {fileID: 1880521132}
  - component: {fileID: 1880521131}
  - component: {fileID: 1880521130}
  - component: {fileID: 1880521129}
  - component: {fileID: 1880521128}
  - component: {fileID: 1880521127}
  m_Layer: 0
  m_Name: player 1
  m_TagString: Player
  m_Icon: {fileID: 0}
  m_NavMeshLayer: 0
  m_StaticEditorFlags: 0
  m_IsActive: 1
--- !u!95 &1880521127
Animator:
  serializedVersion: 3
  m_ObjectHideFlags: 0
  m_PrefabParentObject: {fileID: 95291764686175910, guid: 00ed8c25e30ae5041843c8c084cae531,
    type: 2}
  m_PrefabInternal: {fileID: 0}
  m_GameObject: {fileID: 1880521126}
  m_Enabled: 1
  m_Avatar: {fileID: 0}
  m_Controller: {fileID: 9100000, guid: 612ec7794fbc74a03b66f9a057915993, type: 2}
  m_CullingMode: 0
  m_UpdateMode: 0
  m_ApplyRootMotion: 0
  m_LinearVelocityBlending: 0
  m_WarningMessage: 
  m_HasTransformHierarchy: 1
  m_AllowConstantClipSamplingOptimization: 1
--- !u!61 &1880521128
BoxCollider2D:
  m_ObjectHideFlags: 0
  m_PrefabParentObject: {fileID: 61070328934640416, guid: 00ed8c25e30ae5041843c8c084cae531,
    type: 2}
  m_PrefabInternal: {fileID: 0}
  m_GameObject: {fileID: 1880521126}
  m_Enabled: 1
  m_Density: 1
  m_Material: {fileID: 0}
  m_IsTrigger: 0
  m_UsedByEffector: 0
  m_UsedByComposite: 0
  m_Offset: {x: 0, y: 0}
  m_SpriteTilingProperty:
    border: {x: 0, y: 0, z: 0, w: 0}
    pivot: {x: 0.5, y: 0.5}
    oldSize: {x: 3.15, y: 3.45}
    newSize: {x: 1, y: 1}
    adaptiveTilingThreshold: 0.5
    drawMode: 0
    adaptiveTiling: 0
  m_AutoTiling: 0
  serializedVersion: 2
  m_Size: {x: 3.2702246, y: 3.7133307}
  m_EdgeRadius: 0
--- !u!50 &1880521129
Rigidbody2D:
  serializedVersion: 4
  m_ObjectHideFlags: 0
  m_PrefabParentObject: {fileID: 50803713492668772, guid: 00ed8c25e30ae5041843c8c084cae531,
    type: 2}
  m_PrefabInternal: {fileID: 0}
  m_GameObject: {fileID: 1880521126}
  m_BodyType: 0
  m_Simulated: 1
  m_UseFullKinematicContacts: 0
  m_UseAutoMass: 0
  m_Mass: 1
  m_LinearDrag: 0
  m_AngularDrag: 0.05
  m_GravityScale: 0
  m_Material: {fileID: 0}
  m_Interpolate: 0
  m_SleepingMode: 1
  m_CollisionDetection: 0
  m_Constraints: 4
--- !u!114 &1880521130
MonoBehaviour:
  m_ObjectHideFlags: 0
  m_PrefabParentObject: {fileID: 114202215213316416, guid: 00ed8c25e30ae5041843c8c084cae531,
    type: 2}
  m_PrefabInternal: {fileID: 0}
  m_GameObject: {fileID: 1880521126}
  m_Enabled: 1
  m_EditorHideFlags: 0
  m_Script: {fileID: 11500000, guid: 1c9fc0cd876744c6684d556dc836f6b4, type: 3}
  m_Name: 
  m_EditorClassIdentifier: 
  maxSpeed: {x: 6, y: 6}
  myPos: {x: 0, y: 0, z: 0}
  allMinions:
  - {fileID: 114851969173515386, guid: a6a736a5f8e1747c88d69bd667dc44a0, type: 2}
  - {fileID: 114258974395429860, guid: 3e8c4fdc6f7344fd29294149a481a248, type: 2}
  currentMinion: 0
--- !u!212 &1880521131
SpriteRenderer:
  m_ObjectHideFlags: 0
  m_PrefabParentObject: {fileID: 212126072029691950, guid: 00ed8c25e30ae5041843c8c084cae531,
    type: 2}
  m_PrefabInternal: {fileID: 0}
  m_GameObject: {fileID: 1880521126}
  m_Enabled: 1
  m_CastShadows: 0
  m_ReceiveShadows: 0
  m_DynamicOccludee: 1
  m_MotionVectors: 1
  m_LightProbeUsage: 1
  m_ReflectionProbeUsage: 1
  m_Materials:
  - {fileID: 10754, guid: 0000000000000000f000000000000000, type: 0}
  m_StaticBatchInfo:
    firstSubMesh: 0
    subMeshCount: 0
  m_StaticBatchRoot: {fileID: 0}
  m_ProbeAnchor: {fileID: 0}
  m_LightProbeVolumeOverride: {fileID: 0}
  m_ScaleInLightmap: 1
  m_PreserveUVs: 0
  m_IgnoreNormalsForChartDetection: 0
  m_ImportantGI: 0
  m_StitchLightmapSeams: 0
  m_SelectedEditorRenderState: 0
  m_MinimumChartSize: 4
  m_AutoUVMaxDistance: 0.5
  m_AutoUVMaxAngle: 89
  m_LightmapParameters: {fileID: 0}
  m_SortingLayerID: 0
  m_SortingLayer: 0
  m_SortingOrder: 3
  m_Sprite: {fileID: 21300004, guid: 96da93a40b2574a58bfc9aec265e49cb, type: 3}
  m_Color: {r: 1, g: 1, b: 1, a: 1}
  m_FlipX: 0
  m_FlipY: 0
  m_DrawMode: 0
  m_Size: {x: 1, y: 1}
  m_AdaptiveModeThreshold: 0.5
  m_SpriteTileMode: 0
  m_WasSpriteAssigned: 1
  m_MaskInteraction: 0
--- !u!4 &1880521132
Transform:
  m_ObjectHideFlags: 0
  m_PrefabParentObject: {fileID: 4868387257545648, guid: 00ed8c25e30ae5041843c8c084cae531,
    type: 2}
  m_PrefabInternal: {fileID: 0}
  m_GameObject: {fileID: 1880521126}
  m_LocalRotation: {x: 0, y: 0, z: 0, w: 1}
  m_LocalPosition: {x: -0.04, y: -0.26, z: 0}
  m_LocalScale: {x: 0.25, y: 0.25, z: 1}
  m_Children: []
  m_Father: {fileID: 0}
  m_RootOrder: 7
  m_LocalEulerAnglesHint: {x: 0, y: 0, z: 0}
--- !u!1 &1929552517
GameObject:
  m_ObjectHideFlags: 0
  m_PrefabParentObject: {fileID: 0}
  m_PrefabInternal: {fileID: 0}
  serializedVersion: 5
  m_Component:
  - component: {fileID: 1929552518}
  - component: {fileID: 1929552521}
  - component: {fileID: 1929552520}
  - component: {fileID: 1929552519}
  m_Layer: 5
  m_Name: F1
  m_TagString: Untagged
  m_Icon: {fileID: 0}
  m_NavMeshLayer: 0
  m_StaticEditorFlags: 0
  m_IsActive: 1
--- !u!4 &1929552518
Transform:
  m_ObjectHideFlags: 0
  m_PrefabParentObject: {fileID: 0}
  m_PrefabInternal: {fileID: 0}
  m_GameObject: {fileID: 1929552517}
  m_LocalRotation: {x: -0, y: -0, z: -0, w: 1}
  m_LocalPosition: {x: -0.86487144, y: -8.11597, z: -1.9734752}
  m_LocalScale: {x: 0.2, y: 0.2, z: 1}
  m_Children: []
  m_Father: {fileID: 1853388497}
  m_RootOrder: 1
  m_LocalEulerAnglesHint: {x: 0, y: 0, z: 0}
--- !u!114 &1929552519
MonoBehaviour:
  m_ObjectHideFlags: 0
  m_PrefabParentObject: {fileID: 0}
  m_PrefabInternal: {fileID: 0}
  m_GameObject: {fileID: 1929552517}
  m_Enabled: 1
  m_EditorHideFlags: 0
  m_Script: {fileID: 11500000, guid: eab4e1c16a6def54295f04eb2f2dfe2c, type: 3}
  m_Name: 
  m_EditorClassIdentifier: 
  maxSpeed: {x: 6, y: 6}
  follow: player 1
  myPos: {x: -4.044959, y: -0.90448356, z: 9.42338}
  followed: {fileID: 0}
--- !u!61 &1929552520
BoxCollider2D:
  m_ObjectHideFlags: 0
  m_PrefabParentObject: {fileID: 0}
  m_PrefabInternal: {fileID: 0}
  m_GameObject: {fileID: 1929552517}
  m_Enabled: 1
  m_Density: 1
  m_Material: {fileID: 0}
  m_IsTrigger: 0
  m_UsedByEffector: 0
  m_UsedByComposite: 0
  m_Offset: {x: 0, y: 0}
  m_SpriteTilingProperty:
    border: {x: 0, y: 0, z: 0, w: 0}
    pivot: {x: 0.5, y: 0.5}
    oldSize: {x: 3.22, y: 2.94}
    newSize: {x: 1.28, y: 1.28}
    adaptiveTilingThreshold: 0.5
    drawMode: 0
    adaptiveTiling: 0
  m_AutoTiling: 0
  serializedVersion: 2
  m_Size: {x: 0.0001, y: 0.0001}
  m_EdgeRadius: 0
--- !u!212 &1929552521
SpriteRenderer:
  m_ObjectHideFlags: 0
  m_PrefabParentObject: {fileID: 0}
  m_PrefabInternal: {fileID: 0}
  m_GameObject: {fileID: 1929552517}
  m_Enabled: 1
  m_CastShadows: 0
  m_ReceiveShadows: 0
  m_DynamicOccludee: 1
  m_MotionVectors: 1
  m_LightProbeUsage: 1
  m_ReflectionProbeUsage: 1
  m_Materials:
  - {fileID: 10754, guid: 0000000000000000f000000000000000, type: 0}
  m_StaticBatchInfo:
    firstSubMesh: 0
    subMeshCount: 0
  m_StaticBatchRoot: {fileID: 0}
  m_ProbeAnchor: {fileID: 0}
  m_LightProbeVolumeOverride: {fileID: 0}
  m_ScaleInLightmap: 1
  m_PreserveUVs: 0
  m_IgnoreNormalsForChartDetection: 0
  m_ImportantGI: 0
  m_StitchLightmapSeams: 0
  m_SelectedEditorRenderState: 0
  m_MinimumChartSize: 4
  m_AutoUVMaxDistance: 0.5
  m_AutoUVMaxAngle: 89
  m_LightmapParameters: {fileID: 0}
  m_SortingLayerID: 847847437
  m_SortingLayer: 1
  m_SortingOrder: 0
  m_Sprite: {fileID: 21300000, guid: ce1537c393cfa8d4abc1fd5dece9fa97, type: 3}
  m_Color: {r: 1, g: 1, b: 1, a: 1}
  m_FlipX: 0
  m_FlipY: 0
  m_DrawMode: 0
  m_Size: {x: 1.28, y: 1.28}
  m_AdaptiveModeThreshold: 0.5
  m_SpriteTileMode: 0
  m_WasSpriteAssigned: 1
  m_MaskInteraction: 0
--- !u!4 &1929794070 stripped
Transform:
  m_PrefabParentObject: {fileID: 4065349263463696, guid: fdbe29fe2d2f84644a0fe71358919c5d,
    type: 2}
  m_PrefabInternal: {fileID: 1489457702}
--- !u!1 &1963742464
GameObject:
  m_ObjectHideFlags: 0
  m_PrefabParentObject: {fileID: 0}
  m_PrefabInternal: {fileID: 0}
  serializedVersion: 5
  m_Component:
  - component: {fileID: 1963742466}
  - component: {fileID: 1963742465}
  m_Layer: 0
  m_Name: Sequencer
  m_TagString: Untagged
  m_Icon: {fileID: 0}
  m_NavMeshLayer: 0
  m_StaticEditorFlags: 0
  m_IsActive: 1
--- !u!114 &1963742465
MonoBehaviour:
  m_ObjectHideFlags: 0
  m_PrefabParentObject: {fileID: 0}
  m_PrefabInternal: {fileID: 0}
  m_GameObject: {fileID: 1963742464}
  m_Enabled: 1
  m_EditorHideFlags: 0
  m_Script: {fileID: 11500000, guid: cd07488839cd14d368b9f6e14a1fd4c7, type: 3}
  m_Name: 
  m_EditorClassIdentifier: 
  wheelChosenMinionGO: {fileID: 2040770438}
  playerGO: {fileID: 1880521126}
  currentMinion: 0
--- !u!4 &1963742466
Transform:
  m_ObjectHideFlags: 0
  m_PrefabParentObject: {fileID: 0}
  m_PrefabInternal: {fileID: 0}
  m_GameObject: {fileID: 1963742464}
  m_LocalRotation: {x: 0, y: 0, z: 0, w: 1}
  m_LocalPosition: {x: 10.111914, y: -8.119526, z: 0.8868443}
  m_LocalScale: {x: 1, y: 1, z: 1}
  m_Children: []
  m_Father: {fileID: 0}
  m_RootOrder: 6
  m_LocalEulerAnglesHint: {x: 0, y: 0, z: 0}
--- !u!1 &2015018142
GameObject:
  m_ObjectHideFlags: 0
  m_PrefabParentObject: {fileID: 0}
  m_PrefabInternal: {fileID: 0}
  serializedVersion: 5
  m_Component:
  - component: {fileID: 2015018143}
  - component: {fileID: 2015018146}
  - component: {fileID: 2015018145}
  - component: {fileID: 2015018144}
  m_Layer: 5
  m_Name: F4
  m_TagString: Untagged
  m_Icon: {fileID: 0}
  m_NavMeshLayer: 0
  m_StaticEditorFlags: 0
  m_IsActive: 1
--- !u!4 &2015018143
Transform:
  m_ObjectHideFlags: 0
  m_PrefabParentObject: {fileID: 0}
  m_PrefabInternal: {fileID: 0}
  m_GameObject: {fileID: 2015018142}
  m_LocalRotation: {x: -0, y: -0, z: -0, w: 1}
  m_LocalPosition: {x: -0.9689793, y: -8.998159, z: -1.9734752}
  m_LocalScale: {x: 0.2, y: 0.2, z: 1}
  m_Children: []
  m_Father: {fileID: 1853388497}
  m_RootOrder: 4
  m_LocalEulerAnglesHint: {x: 0, y: 0, z: 0}
--- !u!114 &2015018144
MonoBehaviour:
  m_ObjectHideFlags: 0
  m_PrefabParentObject: {fileID: 0}
  m_PrefabInternal: {fileID: 0}
  m_GameObject: {fileID: 2015018142}
  m_Enabled: 1
  m_EditorHideFlags: 0
  m_Script: {fileID: 11500000, guid: eab4e1c16a6def54295f04eb2f2dfe2c, type: 3}
  m_Name: 
  m_EditorClassIdentifier: 
  maxSpeed: {x: 3, y: 3}
  follow: F3
  myPos: {x: -4.149067, y: -1.7866731, z: 9.42338}
  followed: {fileID: 0}
--- !u!61 &2015018145
BoxCollider2D:
  m_ObjectHideFlags: 0
  m_PrefabParentObject: {fileID: 0}
  m_PrefabInternal: {fileID: 0}
  m_GameObject: {fileID: 2015018142}
  m_Enabled: 1
  m_Density: 1
  m_Material: {fileID: 0}
  m_IsTrigger: 0
  m_UsedByEffector: 0
  m_UsedByComposite: 0
  m_Offset: {x: 0, y: 0}
  m_SpriteTilingProperty:
    border: {x: 0, y: 0, z: 0, w: 0}
    pivot: {x: 0.5, y: 0.5}
    oldSize: {x: 3.08, y: 3.92}
    newSize: {x: 1.28, y: 1.28}
    adaptiveTilingThreshold: 0.5
    drawMode: 0
    adaptiveTiling: 0
  m_AutoTiling: 0
  serializedVersion: 2
  m_Size: {x: 0.0001, y: 0.0001}
  m_EdgeRadius: 0
--- !u!212 &2015018146
SpriteRenderer:
  m_ObjectHideFlags: 0
  m_PrefabParentObject: {fileID: 0}
  m_PrefabInternal: {fileID: 0}
  m_GameObject: {fileID: 2015018142}
  m_Enabled: 1
  m_CastShadows: 0
  m_ReceiveShadows: 0
  m_DynamicOccludee: 1
  m_MotionVectors: 1
  m_LightProbeUsage: 1
  m_ReflectionProbeUsage: 1
  m_Materials:
  - {fileID: 10754, guid: 0000000000000000f000000000000000, type: 0}
  m_StaticBatchInfo:
    firstSubMesh: 0
    subMeshCount: 0
  m_StaticBatchRoot: {fileID: 0}
  m_ProbeAnchor: {fileID: 0}
  m_LightProbeVolumeOverride: {fileID: 0}
  m_ScaleInLightmap: 1
  m_PreserveUVs: 0
  m_IgnoreNormalsForChartDetection: 0
  m_ImportantGI: 0
  m_StitchLightmapSeams: 0
  m_SelectedEditorRenderState: 0
  m_MinimumChartSize: 4
  m_AutoUVMaxDistance: 0.5
  m_AutoUVMaxAngle: 89
  m_LightmapParameters: {fileID: 0}
  m_SortingLayerID: 847847437
  m_SortingLayer: 1
  m_SortingOrder: 0
  m_Sprite: {fileID: 21300000, guid: 20253f819b75f134392efc5147d62580, type: 3}
  m_Color: {r: 1, g: 1, b: 1, a: 1}
  m_FlipX: 0
  m_FlipY: 0
  m_DrawMode: 0
  m_Size: {x: 1.28, y: 1.28}
  m_AdaptiveModeThreshold: 0.5
  m_SpriteTileMode: 0
  m_WasSpriteAssigned: 1
  m_MaskInteraction: 0
--- !u!1001 &2040770437
Prefab:
  m_ObjectHideFlags: 0
  serializedVersion: 2
  m_Modification:
    m_TransformParent: {fileID: 2105866186}
    m_Modifications:
    - target: {fileID: 4269137998794500, guid: bd823cdc941354a069709b49b482b32f, type: 2}
      propertyPath: m_LocalPosition.x
      value: 0
      objectReference: {fileID: 0}
    - target: {fileID: 4269137998794500, guid: bd823cdc941354a069709b49b482b32f, type: 2}
      propertyPath: m_LocalPosition.y
      value: 0
      objectReference: {fileID: 0}
    - target: {fileID: 4269137998794500, guid: bd823cdc941354a069709b49b482b32f, type: 2}
      propertyPath: m_LocalPosition.z
      value: 0
      objectReference: {fileID: 0}
    - target: {fileID: 4269137998794500, guid: bd823cdc941354a069709b49b482b32f, type: 2}
      propertyPath: m_LocalRotation.x
      value: 0
      objectReference: {fileID: 0}
    - target: {fileID: 4269137998794500, guid: bd823cdc941354a069709b49b482b32f, type: 2}
      propertyPath: m_LocalRotation.y
      value: 0
      objectReference: {fileID: 0}
    - target: {fileID: 4269137998794500, guid: bd823cdc941354a069709b49b482b32f, type: 2}
      propertyPath: m_LocalRotation.z
      value: 0
      objectReference: {fileID: 0}
    - target: {fileID: 4269137998794500, guid: bd823cdc941354a069709b49b482b32f, type: 2}
      propertyPath: m_LocalRotation.w
      value: 1
      objectReference: {fileID: 0}
    - target: {fileID: 4269137998794500, guid: bd823cdc941354a069709b49b482b32f, type: 2}
      propertyPath: m_RootOrder
      value: 0
      objectReference: {fileID: 0}
    - target: {fileID: 212933145986722854, guid: bd823cdc941354a069709b49b482b32f,
        type: 2}
      propertyPath: m_Sprite
      value: 
      objectReference: {fileID: 21300000, guid: 5869a086ddec2a44496bd5b39086e45d,
        type: 3}
    - target: {fileID: 212984068512568466, guid: bd823cdc941354a069709b49b482b32f,
        type: 2}
      propertyPath: m_Sprite
      value: 
      objectReference: {fileID: 21300000, guid: 077968c37bd81bd48beee400c5267bc2,
        type: 3}
    m_RemovedComponents: []
  m_ParentPrefab: {fileID: 100100000, guid: bd823cdc941354a069709b49b482b32f, type: 2}
  m_IsPrefabParent: 0
--- !u!1 &2040770438 stripped
GameObject:
  m_PrefabParentObject: {fileID: 1379952276165648, guid: bd823cdc941354a069709b49b482b32f,
    type: 2}
  m_PrefabInternal: {fileID: 2040770437}
--- !u!4 &2040770439 stripped
Transform:
  m_PrefabParentObject: {fileID: 4269137998794500, guid: bd823cdc941354a069709b49b482b32f,
    type: 2}
  m_PrefabInternal: {fileID: 2040770437}
--- !u!1 &2105866185
GameObject:
  m_ObjectHideFlags: 0
  m_PrefabParentObject: {fileID: 0}
  m_PrefabInternal: {fileID: 0}
  serializedVersion: 5
  m_Component:
  - component: {fileID: 2105866186}
  - component: {fileID: 2105866190}
  - component: {fileID: 2105866189}
  - component: {fileID: 2105866188}
  - component: {fileID: 2105866187}
  m_Layer: 0
  m_Name: Main Camera (1)
  m_TagString: MainCamera
  m_Icon: {fileID: 0}
  m_NavMeshLayer: 0
  m_StaticEditorFlags: 0
  m_IsActive: 1
--- !u!4 &2105866186
Transform:
  m_ObjectHideFlags: 0
  m_PrefabParentObject: {fileID: 0}
  m_PrefabInternal: {fileID: 0}
  m_GameObject: {fileID: 2105866185}
  m_LocalRotation: {x: -0, y: -0, z: -0, w: 1}
  m_LocalPosition: {x: 0, y: 0, z: -10}
  m_LocalScale: {x: 1, y: 1, z: 1}
  m_Children:
  - {fileID: 2040770439}
  m_Father: {fileID: 0}
  m_RootOrder: 0
  m_LocalEulerAnglesHint: {x: 0, y: 0, z: 0}
--- !u!114 &2105866187
MonoBehaviour:
  m_ObjectHideFlags: 0
  m_PrefabParentObject: {fileID: 0}
  m_PrefabInternal: {fileID: 0}
  m_GameObject: {fileID: 2105866185}
  m_Enabled: 1
  m_EditorHideFlags: 0
  m_Script: {fileID: 11500000, guid: 916c91a21ab3cc04882e58617cc8e492, type: 3}
  m_Name: 
  m_EditorClassIdentifier: 
  player: {fileID: 1880521126}
--- !u!81 &2105866188
AudioListener:
  m_ObjectHideFlags: 0
  m_PrefabParentObject: {fileID: 0}
  m_PrefabInternal: {fileID: 0}
  m_GameObject: {fileID: 2105866185}
  m_Enabled: 1
--- !u!124 &2105866189
Behaviour:
  m_ObjectHideFlags: 0
  m_PrefabParentObject: {fileID: 0}
  m_PrefabInternal: {fileID: 0}
  m_GameObject: {fileID: 2105866185}
  m_Enabled: 1
--- !u!20 &2105866190
Camera:
  m_ObjectHideFlags: 0
  m_PrefabParentObject: {fileID: 0}
  m_PrefabInternal: {fileID: 0}
  m_GameObject: {fileID: 2105866185}
  m_Enabled: 1
  serializedVersion: 2
  m_ClearFlags: 1
  m_BackGroundColor: {r: 0, g: 0, b: 0, a: 0}
  m_NormalizedViewPortRect:
    serializedVersion: 2
    x: 0
    y: 0
    width: 1
    height: 1
  near clip plane: 0.3
  far clip plane: 1000
  field of view: 60
  orthographic: 1
  orthographic size: 5
  m_Depth: -1
  m_CullingMask:
    serializedVersion: 2
    m_Bits: 4294967295
  m_RenderingPath: -1
  m_TargetTexture: {fileID: 0}
  m_TargetDisplay: 0
  m_TargetEye: 3
  m_HDR: 1
  m_AllowMSAA: 1
  m_AllowDynamicResolution: 0
  m_ForceIntoRT: 0
  m_OcclusionCulling: 1
  m_StereoConvergence: 10
  m_StereoSeparation: 0.022
--- !u!4 &2122452871 stripped
Transform:
  m_PrefabParentObject: {fileID: 4065349263463696, guid: fdbe29fe2d2f84644a0fe71358919c5d,
    type: 2}
  m_PrefabInternal: {fileID: 470833182}
--- !u!1001 &2142474282
Prefab:
  m_ObjectHideFlags: 0
  serializedVersion: 2
  m_Modification:
    m_TransformParent: {fileID: 0}
    m_Modifications:
    - target: {fileID: 4286672046578028, guid: 37cb799def4553d4c827d63f771264d2, type: 2}
      propertyPath: m_LocalPosition.x
      value: -0.03999962
      objectReference: {fileID: 0}
    - target: {fileID: 4286672046578028, guid: 37cb799def4553d4c827d63f771264d2, type: 2}
      propertyPath: m_LocalPosition.y
      value: -2.1299999
      objectReference: {fileID: 0}
    - target: {fileID: 4286672046578028, guid: 37cb799def4553d4c827d63f771264d2, type: 2}
      propertyPath: m_LocalPosition.z
      value: 1
      objectReference: {fileID: 0}
    - target: {fileID: 4286672046578028, guid: 37cb799def4553d4c827d63f771264d2, type: 2}
      propertyPath: m_LocalRotation.x
      value: 0
      objectReference: {fileID: 0}
    - target: {fileID: 4286672046578028, guid: 37cb799def4553d4c827d63f771264d2, type: 2}
      propertyPath: m_LocalRotation.y
      value: 0
      objectReference: {fileID: 0}
    - target: {fileID: 4286672046578028, guid: 37cb799def4553d4c827d63f771264d2, type: 2}
      propertyPath: m_LocalRotation.z
      value: 0
      objectReference: {fileID: 0}
    - target: {fileID: 4286672046578028, guid: 37cb799def4553d4c827d63f771264d2, type: 2}
      propertyPath: m_LocalRotation.w
      value: 1
      objectReference: {fileID: 0}
    - target: {fileID: 4286672046578028, guid: 37cb799def4553d4c827d63f771264d2, type: 2}
      propertyPath: m_RootOrder
      value: 5
      objectReference: {fileID: 0}
    - target: {fileID: 1485706157616190, guid: 37cb799def4553d4c827d63f771264d2, type: 2}
      propertyPath: m_Name
      value: Entrance
      objectReference: {fileID: 0}
    - target: {fileID: 4286672046578028, guid: 37cb799def4553d4c827d63f771264d2, type: 2}
      propertyPath: m_LocalScale.x
      value: 1.4643407
      objectReference: {fileID: 0}
    - target: {fileID: 4286672046578028, guid: 37cb799def4553d4c827d63f771264d2, type: 2}
      propertyPath: m_LocalScale.y
      value: 0.937525
      objectReference: {fileID: 0}
    - target: {fileID: 114504618841455982, guid: 37cb799def4553d4c827d63f771264d2,
        type: 2}
      propertyPath: scene
      value: level202
      objectReference: {fileID: 0}
    - target: {fileID: 212603131478184840, guid: 37cb799def4553d4c827d63f771264d2,
        type: 2}
      propertyPath: m_Sprite
      value: 
      objectReference: {fileID: 21300000, guid: c302c0662b6f16e499c64babec4ad51a,
        type: 3}
    m_RemovedComponents: []
  m_ParentPrefab: {fileID: 100100000, guid: 37cb799def4553d4c827d63f771264d2, type: 2}
  m_IsPrefabParent: 0
